2156 3008
280 198 283 206 ·
352 196 603 252 oulrroxrv.
662 170 664 190 Ι
829 203 878 256 oo

81 297 237 356 admirabili
249 295 453 366 inusitatoeque
466 299 563 351 virtuti
577 299 681 350 utinam
691 311 742 366 per
750 313 768 352 a
776 315 820 352 me
830 298 878 354 ed·

81 369 148 422 ferri
160 372 259 434 posset
273 366 408 416 orationis
423 367 524 432 genusl
541 365 597 417 Sed
607 367 648 416 ita
656 381 770 432 prorsus
784 368 878 420 existi-

81 449 137 486 mo:
153 446 265 492 ournes,
280 431 328 497 qui
335 431 438 498 ubique
448 439 524 494 aunt,
537 433 781 497 eloquentissimos
791 431 878 484 boni·
920 428 922 434 ’

82 498 877 616 iiiiiilizill‘iiilriliiiiiffliiltilill

649 600 659 624 9

81 633 155 688 illius
165 629 300 696 dignitate
307 628 444 680 inferiora
455 631 588 682 dicturos.
622 629 653 681 ld
667 631 706 682 ite
720 646 751 682 se
764 629 892 694 haberes

82 713 144 758 eos,
156 697 206 775 qul
220 709 264 746 me
277 701 381 748 emente
396 697 492 749 audire
504 713 561 749 non
574 697 772 764 gravabuntur,
792 696 876 750 facile
904 727 907 734 »

83 763 534 906 wlgldtldddddfdseeateiddd‘rin‘dol'ater,
546 827 714 896 amplissima
724 837 753 882 et
760 830 875 884 fortium

80 897 202 948 virorum
214 893 387 946 feracissima
402 907 498 959 regio,
513 897 614 946 ceteris
627 897 751 948 finitimis
765 899 875 964 populis

80 963 115 1016 ad
124 961 288 1027 religionem
299 957 483 1010 Christianam
492 960 633 1023 adductis,
643 963 673 1012 in
683 965 771 1015 veteri
780 979 874 1030 super·

80 1029 192 1090 stitione
211 1026 360 1094 perstabat
395 1025 630 1078 Celebantautem
642 1029 702 1080 eiua
715 1030 874 1095 provinciae

80 1091 204 1146 homines
213 1095 307 1160 ignem
315 1107 365 1158 pro
376 1090 447 1151 Deo,
459 1093 485 1142 ei
496 1106 568 1152 ares,
579 1094 605 1142 ei
615 1095 717 1160 templa
726 1095 875 1162 ponebant,

81 1176 142 1214 euni
151 1175 257 1211 sumnia
266 1158 411 1224 diligentia
419 1159 448 1207 in
463 1157 652 1210 celeberrimis
662 1161 815 1229 quibusque
827 1177 874 1228 op·

79 1227 151 1294 pidia
161 1235 322 1292 perpetuum
332 1223 523 1274 asservabant.
553 1223 673 1276 Fubnini
684 1243 793 1295 quoque
805 1229 875 1279 divi·

79 1296 192 1344 nitatem
202 1291 337 1359 quandam
347 1291 438 1340 inesse
449 1289 614 1351 credebant,
625 1291 710 1358 idque
718 1310 770 1344 sua
778 1295 875 1361 lingua
930 1315 935 1328 ·

77 1359 168 1415 Deum
177 1357 544 1410 Percunumnominabant'
572 1356 628 1408 Sed
636 1365 665 1408 et
673 1359 752 1410 locos
765 1368 794 1412 et
803 1361 874 1412 sels-

79 1435 138 1478 ctas
153 1425 283 1493 quasdam
296 1427 327 1474 in
338 1423 416 1474 silvis
436 1424 552 1474 eximiae
567 1425 743 1490 proceritatia
759 1428 873 1478 arbores
925 1483 930 1490 ,

77 1494 279 1544 venerabantur
289 1490 415 1542 utDeoa.
450 1489 561 1557 viperis
572 1505 682 1556 quoque
698 1498 726 1541 et
739 1491 802 1544 aliia
815 1507 874 1544 ser·

98 1560 206 1612 entibus
232 1557 347 1609 eundem
368 1555 527 1610 tribuebant
548 1555 694 1608 bonorem.v
729 1557 783 1619 Qui
807 1559 874 1626 quid

76 1575 176 1678 dorum
186 1624 330 1686 violasset,
341 1624 512 1690 inexpiabile
518 1625 555 1676 ab
563 1639 597 1676 eo
609 1623 700 1677 scelus
711 1633 874 1690 conceptum

75 1692 218 1760 putabant.
254 1690 321 1742 cum
342 1689 395 1741 hoc
409 1706 459 1757 per
475 1705 506 1742 se
520 1691 679 1744 miserabile
698 1696 769 1753 erat,
787 1691 873 1744 talem

73 1763 235 1824 unumque
248 1757 418 1824 provinciam
431 1763 510 1810 tento
523 1765 648 1825 tempore
661 1759 690 1808 in
703 1763 782 1808 tanta
797 1771 873 1808 erro·

73 1840 137 1878 rum
155 1823 291 1876 foeditate
311 1824 430 1885 versui,
448 1830 507 1874 mm
518 1826 589 1876 illud
605 1823 756 1876 accedebat
767 1823 872 1873 incom-

73 1889 166 1950 modi,
184 1887 261 1954 quod
278 1901 346 1954 gens
364 1887 502 1939 bellicosa
518 1897 548 1940 et
567 1891 651 1942 ferox
667 1891 799 1942 finitimos
818 1890 874 1942 sibi

75 1955 251 2010 Christianos
260 1952 638 2019 quotidianisincorsionibus
646 1958 796 2016 lacessens,
806 1971 873 2006 nun-

75 2035 159 2092 quam
173 2020 316 2084 quiescere
329 2019 497 2085 patiebamur.
526 2021 560 2070 Ei
578 2024 655 2086 genti
672 2037 759 2073 anuos
773 2020 873 2074 abhinc

47 2087 51 2097 “
74 2087 198 2156 amplius
205 2083 338 2136 ducentos
347 2086 446 2163 uiginti
454 2087 607 2152 imperabat
615 2087 733 2154 lagello,
744 2089 873 2154 idemque

73 2160 224 2225 praeterea
233 2156 263 2202 et
272 2149 453 2218 Semogrtiam
465 2158 495 2202 et
507 2167 636 2218 maguam
642 2154 757 2205 Russiae
767 2163 872 2222 partem

75 2221 232 2282 obtinebat,
246 2217 329 2274 iortis
343 2224 373 2269 et
384 2223 513 2270 smenuus
522 2220 668 2285 princeps,
680 2225 709 2270 ot
718 2235 873 2287 quanquam

73 2287 222 2356 religionis
230 2291 342 2337 nomae
350 2285 491 2351 mysteriis
499 2285 872 2349 nonduminitiattu,tamer,

74 2363 107 2408 ut
122 2355 170 2422 qui
184 2352 341 2405 Christiana
352 2357 441 2402 uratre
453 2352 569 2419 genitus
577 2357 667 2414 esset,
684 2352 775 2404 amaro
789 2353 823 2404 ab
839 2368 874 2404 ea

73 2437 131 2474 uun
164 2420 373 2472 rorsusalieno.
409 2417 477 2470 Cum
485 2419 787 2536 igiturferidtempua
800 2434 872 2472 mor·

72 2495 125 2540 tuo
173 2485 313 2548 luderico,
332 2486 472 2552 Ungariae
490 2493 524 2536 et.
537 2485 578 2538 Po
592 2487 678 2538 oniae
691 2500 773 2552 rege,
791 2485 872 2551 regni

92 2568 207 2605 roceres
218 2553 252 2603 de
262 2553 385 2618 lieduigi
395 2552 454 2604 oium
464 2552 537 2615 iilia,
554 2551 684 2620 adquam
696 2566 811 2618 regnum
825 2554 872 2603 de·

102 2629 162 2672 tum
173 2626 244 2680 erat,
255 2621 284 2670 in
293 2619 496 2672 matrimonium
506 2619 670 2674 collocanda
677 2619 871 2681 deliberarent,

73 2702 143 2740 ecce
154 2685 187 2736 ub
197 2685 338 2768 lagcllnne
348 2685 448 2752 legati,
461 2685 723 2754 quireuoaeiareot,
738 2701 800 2740 euru
810 2702 872 2738 cum
