2146 3008
383 127 537 198 ORATIO
552 129 620 188 XX.
651 159 654 169 s
859 136 910 194 tlt

107 231 220 312 gestures
232 229 364 310 principio
376 231 468 285 nostri
481 232 598 312 uirtutes
606 231 685 312 Deus.
696 233 843 314 opsides.
855 235 911 293 sin,

6 339 7 344 ,
106 301 200 420 {uhu
208 297 344 350 felicitato
356 297 517 362 cumulent,
528 299 600 354 dotto
610 315 638 353 er
647 299 681 352 de
693 296 797 367 duplum
806 315 910 368 genero
944 345 951 358 ,

126 367 229 418 ostium
248 365 353 418 duabus
375 365 502 418 maximis
521 366 750 434 pulcerrimisque
772 369 916 431 victoriis‚.

106 433 196 485 ultera
210 431 338 484 terrestri
351 431 387 486 de
400 431 450 494 iis,
461 435 508 499 qui
517 435 546 484 in
557 433 650 486 Gallie
662 439 693 487 et
701 449 718 484 e
728 431 839 485 Christo
851 439 910 492 ete

105 513 174 566 rege
189 497 362 567 dete-cerunm
381 498 472 552 alteru
489 500 592 560 nessii,
613 502 693 554 cuins
706 515 805 554 recens
819 499 909 554 adhue

105 566 242 622 memoria
256 572 312 628 est,
330 565 365 618 de
381 566 551 632 sempiterno
563 565 714 620 Christiani
726 567 845 624 nominis
860 565 909 618 ho.

107 639 168 695 ste,
197 633 351 692 {l'ureurum
377 638 507 698 tyranno.
556 632 612 684 Sed
640 639 669 686 et
696 631 765 690 haee
796 640 825 686 st
853 634 910 686 alis

105 698 237 766 plurime,
255 691 327 766 qued
345 700 438 752 sciens
457 698 646 765 prudensque,
660 715 694 752 ne
713 701 827 768 longior
845 701 909 764 sim,

105 771 267 833 praetereo,
287 763 466 818 historiarum
482 766 634 830 scriptores
648 769 834 821 monumentis
849 767 908 824 suis

106 830 338 886 commendabunt
365 831 539 892 aeternitati5
571 830 642 883 mihi
668 840 761 888 eutem
786 835 909 888 breviter

106 899 141 952 de
158 898 246 964 ipsius
265 899 343 952 exitu
363 913 396 950 uo
414 898 581 964 migratione
599 911 635 949 ex
658 897 709 950 huc
732 899 792 954 vite
814 901 908 953 dicen·

106 967 252 1018 domest:
282 971 314 1018 ut
331 963 490 1030 intelligunt
517 976 625 1024 omnes,
650 966 736 1018 vitum
752 967 793 1016 itu
813 967 908 1020 lauda-
1000 1001 1010 1008 .

105 1033 202 1084 biliter
224 1037 313 1086 somn
335 1046 392 1084 non
412 1029 657 1084 onnus-luudnhiii
678 1031 733 1084 dns
757 1045 819 1085 esse
842 1048 908 1085 oon·

107 1099 294 1228 elufilrlighsunt,
310 1177 403 1231 quae„
414 1179 476 1224 com
489 1164 525 1218 ed
540 1169 692 1217 extremum
703 1165 783 1216 sitne
797 1171 909 1220 ventum

108 1238 162 1295 est,
171 1232 264 1292 *etium
279 1236 421 1297 spectatae
434 1233 545 1284 virtutis
555 1233 632 1283 viros
643 1232 677 1283 de
688 1229 776 1298 grado
786 1232 908 1288 deiicere

6 1345 8 1360 ,
107 1299 247 1352 interdum
260 1299 365 1360 solent,
384 1298 491 1351 doloris
504 1299 642 1352 acerbitas
656 1305 684 1350 et
697 1297 795 1351 mortis
809 1305 910 1352 metus.

83 1364 88 1372 '
108 1366 146 1416 Et
164 1370 228 1416 sunt
241 1371 345 1427 tomen,
360 1365 406 1433 qui
421 1381 503 1432 quam
515 1368 563 1419 diu
575 1381 592 1418 e
605 1381 635 1418 se
645 1367 743 1418 mortis
757 1363 910 1431 periculum

109 1432 209 1484 obesse
223 1432 379 1495 confidunt,
397 1432 523 1487 dolorem
538 1435 606 1487 setis
619 1433 688 1486 forti
701 1432 791 1486 ocimo
807 1427 909 1485 ierunt.

110 1499 181 1550 Sunt
190 1498 345 1565 etiom‚qui‚
354 1497 418 1551 dum
427 1501 552 1568 negruvi
562 1507 590 1552 et
601 1501 730 1553 diuturno
742 1498 839 1552 dolore
851 1511 911 1556 crn-
979 1538 984 1545 .

110 1567 732 1628 cientur‚imminentemmortismcessitetern
742 1565 910 1632 satisnequo

109 1633 201 1685 animo
222 1639 393 1698 exspectent.
429 1634 483 1694 Qui
503 1641 595 1688 sutem
612 1642 757 1700 utrumque
778 1637 911 1699 praestet,

109 1706 140 1750 ut
149 1713 238 1766 neque
250 1699 356 1750 doloris
367 1701 520 1754 acerbitate
529 1717 561 1754 ec
568 1703 749 1754 diuturnitate
756 1697 909 1766 frangetur,

97 1817 98 1822 ,
110 1779 199 1831 neque
208 1767 383 1818 adventantis
394 1772 477 1833 etque
486 1769 653 1822 imminentis
665 1769 763 1820 mortis
772 1772 847 1822 metu
857 1772 911 1816 ter·

109 1839 218 1896 rentur,
237 1833 264 1884 ei
277 1838 373 1900 pectus
388 1833 547 1885 incredibili
561 1837 679 1900 quedem
689 1834 854 1886 fortitudine
868 1845 910 1884 or·

108 1905 212 1952 metum
226 1913 289 1952 esse
307 1914 341 1950 eo
355 1901 489 1951 munitum
505 1915 620 1952 neeesse
629 1908 684 1954 est.
720 1901 797 1962 Quae
811 1901 872 1954 laus
885 1899 911 1950 si

108 1967 155 2018 coi
173 1981 292 2033 unquam
310 1967 411 2018 merito
427 1967 532 2018 tribute
549 1973 607 2030 est,
620 1967 685 2022 huic
700 1973 776 2020 certo
791 1967 911 2019 omnium

108 2031 507 2086 confessionetribuendeest.
541 2033 911 2101 Quioomqnedrnginteto·

107 2107 154 2152 tos
165 2100 226 2152 dies
235 2105 340 2152 tuntum
349 2102 405 2152 vim
415 2101 522 2154 doloris
531 2115 679 2169 perpessus
690 2101 736 2161 sit,
745 2107 847 2168 quantu
856 2113 911 2164 nru-

107 2167 183 2219 xiurn
197 2167 302 2219 cudere
322 2169 351 2219 in
371 2167 510 2221 hominem
530 2173 638 2235 potest,
662 2181 799 2232 nunquam
818 2173 911 2220 tamen

107 2234 194 2285 ulium
202 2249 300 2286 vocem
308 2249 405 2302 parurn
414 2250 446 2288 se
457 2236 484 2287 di
525 2251 568 2287 nm
579 2234 681 2296 emisit,
687 2233 738 2286 sed
745 2233 816 2286 illud
822 2235 852 2284 in
862 2246 912 2285 ore

108 2301 335 2368 frequentissime
346 2301 454 2356 irubuitr
519 2303 602 2365 orins,
621 2301 688 2354 udde
706 2315 771 2352 esne
789 2300 825 2354 sd
840 2300 912 2352 dolo·

110 2383 178 2429 rem,
198 2368 260 2420 dum
276 2369 358 2420 oddar
379 2371 459 2421 etad
472 2370 642 2438 patientiam.
678 2369 799 2419 Mortem
810 2373 912 2430 nutem,

109 2435 165 2486 sibi
184 2435 300 2501 abipso
322 2437 413 2488 morbi
431 2438 569 2504 principio
587 2443 691 2488 certem
708 2439 793 2502 utque
817 2434 913 2498 explo-

108 2507 217 2565 ratam,
246 2503 287 2553 itu
313 2517 370 2554 non
398 2503 555 2567 exhorruit,
580 2511 611 2556 ut
640 2505 673 2556 de
704 2517 738 2554 ea
766 2503 825 2552 sins
855 2498 914 2552 ulie

108 2583 231 2636 prorsus
244 2575 292 2619 out
309 2571 402 2622 vultus
421 2577 468 2622 sut
487 2572 570 2624 animi
588 2571 798 2638 perturbatione
817 2569 913 2636 loque·

99 2642 197 2698 retur,
206 2634 344 2704 pinusque
355 2637 516 2692 ostenderet
526 2637 800 2700 oumuse‚ut1)irrn
810 2633 913 2690 Paulus
