2146 3008
253 177 256 182 Δ
355 155 507 210 calmo
525 155 640 210 xmm
851 113 936 218 ns]

101 261 159 320 est,
174 255 248 324 quod
262 257 290 308 in
301 257 420 324 quedam
433 259 542 310 cantico
553 257 646 325 posuit
657 253 826 318 Simonides,
839 268 901 322 pei-
977 274 981 282 ¹

102 325 216 382 difficile
221 327 245 388 *l
256 325 373 390 reperiri
384 324 522 376 hominem
532 323 692 393 τετράγωνον
700 321 901 386 ἄνευψόνου“).

101 393 180 444 Huic
188 393 362 442 incommodo
372 391 568 458 sapientissimi
579 393 678 458 quique
687 395 811 440 veterum
820 403 901 454 quae·

8 463 18 476 '
102 472 212 524 cunque
222 464 371 524 potuerunt
381 459 505 509 remedia
515 463 714 524 compararunt.
746 455 901 520 Interqucs
941 473 944 478 ·

102 525 338 588 Aristoteles***)
360 527 479 588 censuit,
501 526 530 575 in
550 525 621 574 bene
640 524 768 574 instituta
788 521 901 572 civitate
964 551 966 557 ι

104 591 210 652 omnia,
226 591 316 657 quoad
330 593 389 642 eius
403 591 463 642 lieri
474 596 584 658 posset,
600 590 709 656 legibus
724 586 902 666 comprehen·
930 614 935 622 ·

104 655 196 708 denda
206 671 238 708 ac
248 655 419 721 delinienda3
441 673 520 724 quam
532 657 700 722 paucissima
713 662 805 706 autem
814 671 842 704 in
852 667 902 719 pu·

102 728 208 773 testate
227 730 309 790 atque
326 711 442 774 arbitria
456 725 578 774 iudicum
591 722 780 788 relinquenda.
817 721 901 772 Cuius

102 789 147 841 rei
157 796 213 840 tres
227 789 260 840 ab
272 805 305 841 eo
316 805 382 840 sane
393 804 491 855 graves
502 803 616 838 caussae
627 788 788 840 afferuntur.
831 787 901 848 Una,

103 855 180 922 quod
189 856 274 906 m'ulte
289 857 378 906 maier
391 869 519 905 numerus
532 855 706 906 necessarius
718 860 761 905 est
769 853 901 915 iudicum,

103 937 187 989 quam
205 937 300 973 cerum
317 923 366 988 qui
382 921 460 986 leges
473 919 573 970 ierant.
606 919 728 970 Facilius
747 927 837 970 sutem
858 925 902 971 cst

100 988 305 1056 paucosbenos
317 993 345 1040 et
353 987 502 1052 prudentes
513 986 586 1035 vires
596 986 732 1049 reperire,
743 999 823 1101 paam
832 987 901 1037 mul-

101 1065 159 1106 tos.
194 1055 303 1115 Altera,
323 1053 397 1119 qued
411 1052 522 1117 langius
536 1057 644 1114 tempus
656 1051 737 1101 datur
759 1066 838 1118 egem
852 1053 901 1102 ali·

102 1111 189 1187 quani
197 1119 294 1169 laturis
306 1131 384 1184 quam
399 1117 433 1168 de
453 1123 529 1168 certe
549 1115 643 1183 aliquo
659 1117 774 1182 negotio
789 1132 821 1166 ac
837 1133 901 1168 cea·

100 1186 243 1240 troversia
253 1185 414 1250 cognituris.
448 1183 479 1233 ln
487 1182 586 1233 maiani
598 1188 688 1232 autem
699 1185 831 1252 tempsi-is
842 1183 901 1234 diu·

100 1255 238 1305 turnltate
252 1252 341 1300 maior
353 1255 396 1300 est
405 1251 513 1314 penitus
523 1247 686 1315 pervidendi
697 1249 757 1298 veri
772 1248 900 1301 facultas.

100 1318 216 1379 Tertia,
231 1330 299 1382 quae
320 1316 440 1366 oninium
452 1315 646 1382 potentissima
664 1321 721 1375 est,
736 1315 810 1381 qued
821 1315 901 1382 leges

103 1391 134 1438 et
143 1385 172 1434 in
181 1383 303 1433 futurum
317 1383 500 1450 prospiciunt,
520 1388 550 1434 et
560 1382 688 1432 universe
702 1395 734 1431 ac
748 1381 902 1448 generatim

101 1451 243 1514 seruatum,
262 1455 401 1516 utneque
419 1451 639 1518 gestimusque
660 1447 725 1498 odie
739 1447 818 1498 locus
838 1459 900 1498 esse

104 1519 212 1588 pessit·
237 1517 272 1568 A't
284 1517 387 1568 iudicia
401 1523 429 1568 et
442 1518 476 1569 de
486 1517 678 1584 praesentibus
691 1515 814 1582 negotiis
828 1515 901 1566 etde

103 1585 189 1634 certis
198 1585 325 1650 persenis
336 1590 510 1648 exercentur,
523 1590 555 1636 ut
565 1590 594 1634 et
603 1585 737 1652 gratia'et
747 1581 811 1634 edio
823 1587 851 1632 et
861 1581 900 1632 in·

71 1685 79 1696 .
103 1649 181 1701 vidia
194 1656 222 1701 et
235 1651 413 1703 miseratione
428 1659 457 1703 et
466 1653 575 1703 ratione
584 1650 690 1718 proprii
700 1650 816 1700 alicuius
827 1663 900 1700 ccm-

104 1717 180 1770 modi
195 1724 241 1768 aut
253 1718 421 1772 incommodi
435 1717 682 1786 facillimeabduci
690 1729 712 1784 ¹a
724 1731 790 1769 vero
798 1715 899 1770 iudicis

105 1783 211 1836 animus
223 1791 312 1850 queat.
811 1783 817 1796 '

138 1849 169 1900 ln
182 1851 319 1900 iudicibus
333 1855 424 1901 autem
438 1845 594 1918 deligendis
608 1852 677 1903 illud
690 1852 837 1918 praecipue
852 1849 899 1900 ob·

104 1917 268 1983 servandum
280 1923 330 1978 est,
342 1924 372 1967 ut
381 1917 448 1967 boni
457 1917 510 1966 viri
519 1918 669 1984 eligantur:
687 1919 716 1968 in
727 1933 780 1985 quc
792 1923 900 1967 veteres

104 1983 146 2034 ita
157 1982 303 2050 diligentes
313 1983 436 2044 luerunt,
455 1989 487 2034 ut
501 1997 583 2049 saepe
597 1983 717 2034 inlibris
731 1984 835 2035 nostris
847 1981 901 2034 viri

104 2049 171 2100 beni
188 2052 298 2100 nemine
311 2065 366 2100 nen
381 2049 452 2100 alius
463 2065 543 2116 quam
553 2049 637 2100 iudex
645 2049 826 2116 intelligatur.
863 2047 901 2099 Et

104 2115 238 2168 Horatius
249 2122 342 2167 narrat
350 2122 455 2184 patrem
465 2133 553 2180 suum,
565 2129 626 2166 cum
636 2115 690 2165 sibi
698 2115 808 2166 virtutis
821 2119 848 2166 et
859 2113 900 2166 of·

104 2183 162 2232 licii
170 2182 657 2249 praeceptatraderet,laudandai·um
665 2181 900 2232 actionumexem·

103 2247 152 2366 pla
169 2263 204 2300 ex
219 2249 359 2301 iudicibus
375 2250 550 2316 potissimum
568 2261 676 2301 sumere
694 2245 808 2298 solitum
827 2259 900 2298 esse.

136 2315 323 2380 cme‚inquit,
540 2347 543 2352 n

43 2489 50 2496 ’
148 2457 170 2514 ⁸)
187 2458 234 2502 εἷθ’
244 2457 315 2502 Μ
325 2461 394 2514 μήθ’·
402 2459 435 2507 Π’
446 2463 480 2506 ¹⁵·
491 2462 551 2516 W·
560 2458 735 2520 perdifficiliter.

104 2532 241 2646 maol-'id
256 2532 365 2576 Galliort.
380 2531 447 2576 Pott.
461 2534 514 2580 min.
534 2533 613 2580 ome,
626 2533 679 2581 Vol.
688 2533 794 2592 mm·
806 2536 851 2581 m.
861 2533 901 2579 'd‘

107 2717 110 2725 Α
130 2661 172 2716 ao)
187 2659 307 2705 Rhotanl.
318 2665 337 2704 l.
