2156 3008
126 186 202 238 ‚n
360 187 362 191 ·
443 171 797 244 wnmw.'

167 301 202 338 eo
215 289 280 337 sunt
296 289 329 336 ut
340 283 533 350 eiicientur,
551 288 625 342 elien
644 291 811 350 inchoentur
826 296 917 352 edhnc
935 307 962 356 et

165 351 362 414 informantur,
380 351 545 420 primisque,
564 363 596 408 ut
612 361 654 411 ite
671 359 800 425 dixerim,
819 363 903 416 lincis
918 367 962 420 de·

166 419 319 484 signantur.
354 418 451 485 lteque
479 421 596 474 alierum
621 428 819 482 recordatione
840 446 873 481 ec
899 448 961 486 con·

167 484 298 546 scientie,
310 483 427 538 cherum
437 490 604 542 tractatione
619 507 653 542 ec
662 498 834 560 praesentia,
848 499 963 552 cherum

166 551 347 602 meditatione
371 559 400 602 et
423 554 625 619 prospicientia
644 559 686 610 sic
704 563 872 624 efficiuntur,
896 564 964 618 nihil

165 621 199 668 nt
213 617 269 668 eibi
279 622 426 681 praeterea
438 619 588 674 iucundum
601 630 649 676 ent
661 627 780 681 emebile
794 630 966 684 existiment,

166 681 304 733 Immense
317 683 402 734 etiem
414 685 465 736 ille
474 692 504 738 et
516 688 698 756 inexplebilis
706 695 964 750 accumulenderum

167 761 251 812 opum
263 747 394 812 ariditas,
410 765 491 817 quem
505 753 711 820 incertumst,
726 761 809 826 copie
819 777 854 816 eu
868 763 963 830 inopia
1064 781 1065 796 ³

166 813 256 879 magis
266 815 406 879 incendat,
416 817 525 870 redires
537 832 620 888 egere
628 823 760 879 inanimo
770 823 963 896 philosophiae

185 879 322 946 recceptis
336 883 444 934 consito
459 890 488 934 et
499 889 611 940 exculto
623 904 679 942 non
688 899 792 958 potest.
827 895 900 954 Quid
909 897 963 947 itai

165 893 301 997 hinem
318 948 383 1014 quie
396 947 465 1000 haec
474 951 505 1002 id
513 952 559 1004 rel
576 955 724 1022 praecipue
736 961 766 1014 in
779 974 893 1014 suorum
906 964 963 1014 uni·

164 1010 219 1062 mis
235 1012 349 1076 inserit,
377 1016 517 1072 neturules
530 1033 605 1085 ,opes
625 1028 654 1072 et
671 1025 833 1078 terminetur
853 1041 916 1077 esse
935 1035 963 1078 ct

164 1075 966 1159 ssfflwfflmmmmmmmmmm,

122 1183 125 1187 .
164 1146 361 1223 appetendum
388 1163 443 1200 non
463 1151 511 1216 qui
532 1152 681 1218 plurimum
704 1155 821 1220 hebeat,
844 1159 895 1210 ,ed
916 1160 962 1225 qui
1064 1159 1065 1176 ι

163 1213 305 1264 nnnimum
324 1212 479 1280 desideret,
498 1218 665 1280 ditissimum
684 1236 759 1288 cssc3
781 1223 853 1276 nihil
869 1226 963 1292 magni

113 1273 117 1281 ’
163 1275 336 1344 iaciendum,
363 1281 438 1348 quod
462 1296 551 1366 oeque
577 1289 727 1352 pessimun
737 1296 821 1357 etque
843 1293 963 1356 optimus

165 1346 282 1413 quisque
294 1349 428 1416 consequi
440 1357 540 1415 possit.
574 1352 671 1420 Neque
685 1361 776 1408 temen
790 1369 886 1406 eorum
898 1371 964 1409 con·

165 1409 381 1480 siliumprobet,
399 1417 447 1482 qui
456 1423 504 1468 eut
513 1421 736 1471 nummio-more
748 1421 900 1480 abiecisse,
914 1429 964 1472 eut

164 1480 359 1543 possessiones
381 1496 446 1532 sues
466 1483 586 1537 incultas
610 1498 643 1534 ec
662 1485 786 1542 desertas
813 1483 962 1549 reliquisse
1064 1501 1065 1556 q

164 1547 398 1610 memorentur-*i
417 1545 487 1598 heec
501 1548 574 1600 enim
587 1554 636 1599 ent
645 1549 809 1614 ignavorum
819 1545 963 1607 hominum
1064 1579 1065 1616 ἦ

164 1607 307 1674 ridentur,
333 1618 381 1664 eut
407 1614 527 1679 pecunie
553 1615 595 1664 uti
617 1613 812 1673 nescientium:
843 1630 961 1682 quorum

163 1680 310 1744 utrumque
324 1679 360 1729 'in
380 1679 462 1738 vitio,
493 1678 597 1728 nonin
618 1677 701 1730 leude
723 1680 879 1745 ponendum
906 1693 960 1736 est.
1064 1735 1065 1748 ,

162 1741 203 1793 dc
214 1741 294 1796 fuere
310 1742 418 1858 quidem
429 1743 462 1802 ii,
478 1740 622 1808 dequibus
636 1743 687 1796 ille
698 1754 857 1814 narrentur,
870 1747 961 1817 philo·
1064 1777 1065 1800 l

161 1807 264 1941 :gghih
277 1823 338 1924 {fun
354 1871 458 1989 iuit=3dp

145 1941 422 1992 fdrilemeccommo
443 1953 460 1990 e

160 2003 959 2136 :iiiiiiiiiiiheildlt‘itiiiiiii
1064 2007 1065 2044 ⁴

159 2149 217 2188 non
227 2137 412 2202 aspernandos
423 2147 471 2192 eut
479 2142 647 2201 reiiciendes
658 2163 735 2211 esse,
748 2097 848 2201 sedpite
856 2115 959 2200 habens

161 2200 225 2264 das,
237 2202 401 2268 utrirtutis,
412 2223 469 2262 non
478 2216 510 2262 ut
527 2210 654 2270 luxuriae
668 2215 853 2268 administren.
887 2211 965 2276 Num¹

158 2265 231 2319 illud
247 2267 316 2320 rnihi
337 2274 446 2338 quidem
462 2280 611 2342 permirum
629 2281 718 2333 rideri
730 2279 818 2341 solet,
836 2277 902 2345 quid
917 2279 960 2330 ite

158 2341 271 2392 veteres
287 2335 332 2388 illi
348 2339 510 2406 iudicarint,
528 2359 585 2396 non
603 2359 686 2410 posse
706 2359 737 2396 se
755 2344 882 2396 simulet
898 2359 960 2398 rene

159 2395 264 2458 hebere
282 2408 313 2455 et
329 2403 359 2456 in
371 2409 525 2475 sepientiee
541 2409 633 2462 studia
641 2411 812 2464 incumberet
830 2411 878 2478 qui
890 2411 960 2464 mihi

159 2468 245 2520 etiem
260 2469 402 2536 ridentur,
417 2488 471 2539 quo
485 2473 561 2530 fecto
575 2491 707 2530 summani
720 2477 877 2532 dividuum
891 2495 958 2532 con·

158 2538 339 2604 temptioncm
356 2540 513 2606 significare
532 2553 566 2592 ec
582 2543 783 2606 praeseferre
801 2545 959 2612 voluerunt,

159 2604 267 2671 coipso
277 2604 416 2658 indicasse
432 2605 544 2656 nimium
554 2609 689 2674 quendem
703 2624 770 2678 erge
779 2625 827 2666 ees
841 2620 959 2668 neturee
994 2666 1001 2676 ,

187 2683 208 2738 ¹)
223 2683 288 2732 uiui
297 2685 325 2731 ds
334 2686 463 2743 Aristippo,
473 2686 515 2731 hcc
525 2687 553 2732 de
563 2689 695 2736 Democrito
704 2699 816 2740 nurnhrr.

341 1806 438 1859 rudior
452 1807 502 1858 ille
515 1809 649 1874 quecdem
659 1817 688 1864 ct
707 1812 861 1882 simplicior
869 1817 960 1886 philo·
1064 1803 1065 1838 ³

461 1873 557 1928 olitior
576 1877 756 1932 conuehere
777 1888 812 1934 cr
824 1884 860 1936 ed
879 1899 960 1946 usum
1064 1903 1065 1956 3

459 1945 961 2018 nunquandocetopee,eiquisaut
1064 1967 1065 2002 l
