2154 3002
172 141 205 191 u
283 199 287 210 ,
445 136 665 192 onnrrovr.
720 113 723 122 ’

172 254 224 292 sua
251 237 312 304 ipse
336 251 420 288 manu
447 235 673 302 obtruncaverat,
699 238 826 294 eiusdem
852 241 974 298 nominis
1033 281 1037 290 .

173 320 309 374 gemmam
318 303 410 356 medio
425 303 536 355 illarum
551 311 710 359 catenarum
724 306 872 372 complexu
884 307 975 360 voluit

173 371 320 424 contineri.
356 369 430 432 Quin
445 371 530 422 etiam
543 377 657 440 propter
672 365 744 422 ha'nc
758 374 884 440 aliasque
899 375 974 425 simi·
1053 385 1054 390 ¹

172 439 216 490 les
234 437 369 490 victorias
387 435 501 503 regibus
517 436 659 488 Navarrae
678 434 795 490 honoris
808 454 876 507 ergo
889 441 976 492 trihu·

172 512 232 558 tum
247 511 304 566 est,
324 509 356 558 nt
367 504 549 570 inungantur,
564 509 746 567 coronentur,
766 514 975 559 consecrentur.
1054 493 1056 540 l

175 572 322 624 Oheatum
331 569 401 621 illud
420 569 572 632 saeculum,
586 585 648 622 cum
658 566 821 636 Christiani,
838 574 976 641 etprinci-

173 653 223 706 pes
238 642 267 688 et
278 635 387 705 populi,
398 636 458 688 sine
471 635 537 688 ullis
552 636 714 700 discordiis,
724 638 784 690 sine
797 639 856 690 ulla
869 640 976 704 opinio·

174 719 240 762 num
260 703 397 754 varietate
419 715 452 754 ac
474 703 674 770 discrepantia,
697 719 804 756 summo
827 719 975 769 consensu,

175 783 271 822 omnes
284 767 358 820 viros
372 783 437 819 suas
451 768 486 819 od
504 767 877 834 proferendos‘Christianae
893 772 976 826 ditio·

90 863 96 874 ·
174 837 218 890 nis
231 834 570 888 terminosconlerehant!

208 899 313 954 Nostro
332 907 410 953 aetus
428 907 457 959 et
476 900 650 956 Christianos
664 904 803 972 principes
819 905 891 956 ulios
906 905 975 956 elio·

135 972 137 978 '
174 966 350 1026 rumvirihos
365 967 481 1019 collisos
495 969 664 1037 attritosque
678 971 760 1034 vidit,
775 971 842 1022 etin
855 971 975 1037 populis,

101 1073 119 1096 ,,
174 1049 210 1100 ne
220 1034 285 1100 quid
300 1031 413 1086 abesset
426 1033 547 1086 miseriis
562 1037 681 1098 nostris,
696 1037 874 1103 gravissimas
890 1037 975 1102 pesti-

174 1101 401 1170 lentissimasqnc
428 1094 582 1153 seditiones
601 1103 636 1153 ab
654 1103 788 1168 improbis
808 1101 975 1165 hominibus,

175 1167 440 1288 &nircupiditatibus
459 1169 518 1220 suis
530 1166 605 1219 falso
619 1169 884 1235 religionisnomen
896 1183 974 1235 prae·

205 1239 316 1298 xerent,
340 1233 505 1287 concitatas.
540 1234 647 1294 Quibus
668 1236 750 1287 malis
771 1235 858 1287 linem
879 1249 930 1301 per
947 1241 976 1286 te

175 1303 337 1369 impositum
345 1301 395 1364 iri,
410 1299 476 1364 Pie,
490 1299 623 1352 Pontifex
636 1302 739 1416 optime
750 1307 780 1352 et
792 1301 977 1366 sanctissime,
1064 1303 1065 1310 ’

177 1383 273 1422 omnes
300 1368 342 1420 ita
365 1367 522 1429 confidunt,
544 1372 588 1430 ut,
611 1366 637 1417 si

674 1382 724 1417 aec
746 1381 811 1431 spes
831 1365 978 1430 fefellerit,
1064 1395 1066 1428 i

175 1437 281 1496 omnia,
316 1447 368 1485 uae
378 1438 496 1500 possunt
506 1431 978 1495 evenire‚miserrimamaxinreque
1065 1441 1066 1444 ’

177 1501 305 1554 detestan
326 1514 343 1552 a
368 1506 534 1552 vereantur..
560 1497 685 1548 Erexisti
710 1497 818 1546 animos
846 1496 978 1562 omnium,

175 1567 296 1628 indicto,
316 1563 390 1631 qnod
407 1570 487 1619 tanto
508 1577 592 1628 opero
609 1562 772 1627 optabatur,
792 1560 977 1630 universatim

99 1659 105 1666 -
174 1632 306 1685 concilio.
341 1628 465 1680 iniecisti
479 1643 571 1694 spem,
584 1627 659 1688 iore,
674 1633 718 1689 ut,
732 1625 888 1680 haeresium
897 1636 977 1697 peste

175 1699 300 1760 sublata,
323 1699 532 1747 sacrosanctum
549 1693 613 1744 lesu
632 1689 736 1746 Christi
756 1708 857 1746 nomen
877 1697 977 1750 eodem

175 1765 281 1825 onimo,
301 1761 398 1813 eadem
409 1773 495 1822 voce,
513 1758 613 1826 iisdem
626 1759 726 1812 ritihus
740 1761 774 1823 ab
796 1763 922 1816 omnibus
935 1765 978 1816 in·

174 1835 299 1882 vocetur.
332 1824 470 1894 Agedum,
493 1825 654 1878 beatissime
673 1826 771 1894 Pater,
793 1830 880 1887 itate
898 1830 976 1884 Deus

79 1915 84 1926 ·
173 1897 236 1958 ille,
254 1894 332 1947 cuius
345 1895 533 1959 tupersonam
542 1891 572 1944 in
581 1891 664 1946 terris
675 1897 812 1961 sustines,
825 1913 907 1965 quam
917 1897 976 1948 diu-

172 1963 280 2016 tissime
296 1967 325 2010 et
340 1973 420 2026 quarn
433 1956 596 2014 felicissime
611 1963 748 2016 ecclesiae
762 1979 829 2016 suae
844 1975 976 2031 praeesse

124 2073 128 2080 .
173 2028 254 2090 velit,
275 2041 342 2092 urge
362 2030 536 2092 constanter,
555 2034 588 2084 ut
605 2027 689 2094 facis,
707 2025 778 2084 illud
791 2031 976 2098 propositum,

175 2107 338 2160 omnemque
366 2091 541 2173 diligentiam
573 2095 674 2149 adhibe
705 2098 741 2149 ad
764 2093 976 2165 prohibendum,

174 2176 209 2214 ne
220 2169 275 2212 tarn
286 2162 353 2232 tetri
365 2161 433 2212 nralr
446 2163 578 2232 contagio
585 2165 672 2218 latius
687 2171 789 2231 serpat.
822 2163 977 2225 Memento,

173 2235 203 2281 te
214 2233 339 2282 nostrum
354 2229 476 2280 omnium
491 2246 664 2284 communem
675 2238 784 2298 patrem·
792 2235 821 2280 et
833 2232 977 2294 pastorem

174 2310 253 2360 esse,
270 2299 395 2348 nostram
413 2297 535 2350 omnium
554 2298 672 2350 salntem
686 2298 720 2348 ab
734 2311 768 2349 eo
783 2295 836 2347 tihi
848 2294 977 2345 commis-

176 2363 436 2429 somaccreditarn,
447 2366 566 2432 quicum
574 2364 652 2416 Deus
666 2370 751 2427 esset,
767 2361 885 2414 humanu
896 2365 977 2414 natu·

204 2481 226 2536 ²)
242 2479 350 2531 Quinctil.
369 2479 401 2524 11.
415 2483 449 2523 1³.
469 2479 489 2534 ᾖ.
505 2483 538 2522 14.
559 2485 762 2534 praecepimus
776 2481 977 2528 neoclauiivtrtuni,

176 2535 203 2578 ltl
212 2541 248 2580 ert
259 2539 295 2594 (ut
309 2539 409 2580 dicemus
419 2535 530 2590 quomodo
547 2533 675 2589 possituros)
690 2529 877 2582 umoersalr'arcl
891 2543 978 2586 perps-

176 2591 255 2639 tulit
265 2591 338 2695 algle.
350 2606 387 2650 op·
396 2595 432 2636 'll-
446 2591 500 2645 quin
512 2587 572 2632 ntuli
584 2590 726 2632 inveniebant
744 2592 784 2632 aut
802 2588 919 2644 proprinn
938 2589 979 2630 aui

176 2659 264 2710 imm
303 2677 310 2692 ·
558 2673 560 2680 ¹
635 2695 638 2699 .
