2146 3008
351 156 502 210 altario
519 155 631 212 xvlll.
843 146 905 213 187]

128 257 219 337 Tanta
231 256 317 324 igitur
330 263 385 320 est,
400 264 430 310 ut
444 256 508 309 irinc
519 259 695 376 potissimum
709 258 850 325 exordiar,
863 261 893 312 in

93 340 170 376 omni
179 326 292 376 caritate
304 337 411 387 eorum,
431 325 517 392 quiin
537 325 599 376 ioiis
612 331 755 392 praesunt,
774 329 893 380 auetori-

90 398 151 454 tas,
160 397 192 442 ut
202 406 237 443 ex
247 393 288 442 eis
297 391 472 458 potissimum
482 392 651 459 reipublicae
662 391 783 443 felicitas
796 399 843 444 eut
852 395 894 446 iu·

23 475 24 480 ¹
92 458 352 526 felicitaspendeat.
386 457 496 509 Etenim
506 473 571 510 rore
583 459 711 511 dixerunt
720 459 893 520 retcrcs‚le·

93 539 157 575 vern
167 539 230 578 esse
243 525 360 576 enimam
371 525 503 588 civitatis,
513 532 542 577 et
551 525 664 592 perinde
675 525 786 578 felicem
796 532 844 577 nrrt
853 526 893 576 in-

92 565 205 642 felicem
222 592 340 643 eradere
357 607 577 661 unamquamque
593 594 747 655 ciuitatem,
763 599 795 644 ut
809 593 893 643 bonis

90 659 208 709 malisve
218 658 327 725 legibus
336 664 491 725 temperata
502 666 554 710 est.
588 660 658 710 Utor
668 659 713 712 bic
723 659 794 728 legis
804 657 892 709 nond·

91 739 126 776 ne
141 724 230 792 magis
241 725 380 792 adpopuli
394 726 636 788 consuetudinem,
650 742 731 793 quam
744 729 779 778 ad
791 728 892 777 verita·

90 798 161 842 teme
182 792 241 842 scio
261 793 346 854 enirn,
366 793 391 842 si
404 806 458 858 qua
473 793 547 842 mala
560 793 606 843 lex
621 793 670 854 sit,
690 808 751 844 eam
769 807 803 844 ne
818 793 891 859 legis
991 796 995 802 ‘

90 857 202 924 quidem
212 859 322 912 nomine
334 858 445 924 dignam
455 872 527 910 esse.
556 857 611 909 Sed
621 859 759 911 sitantum
769 860 891 925 positum

89 926 172 976 estin
184 924 305 992 legibus3
323 926 416 991 legum
426 929 518 974 autern
530 924 649 990 ipsarum
660 925 751 976 nullus
762 932 890 988 retusus,

88 992 144 1042 nisi
155 992 210 1042 sint
218 994 266 1058 qui
276 1006 324 1042 cas
335 995 521 1056 exsequantur
531 1005 564 1040 ac
575 991 743 1054 custodiant;
759 999 786 1041 et
796 991 891 1060 legum

88 1057 211 1110 ministri
229 1073 262 1109 sc
277 1057 409 1107 cristodes
422 1058 614 1122 magistratus,
633 1057 706 1107 unde
727 1071 776 1108 eos
794 1071 890 1108 nomo-

87 1123 251 1192 pbylacas*)
270 1122 351 1172 Plato
366 1128 459 1184 rocat;
477 1123 672 1188 magitratuum
686 1136 770 1188 porro
784 1118 889 1187 praeci·

87 1205 146 1259 pua
155 1190 196 1241 ris
207 1189 236 1238 in
247 1187 409 1240 exercendis
419 1187 531 1238 iudiciis
540 1187 674 1238 cerniturr
692 1194 819 1238 constare
830 1188 892 1254 opi·
948 1195 957 1210 ‘

87 1271 154 1318 nor,
173 1255 268 1320 qimlia
276 1253 427 1304 incivitate
437 1252 543 1304 iudicia
551 1254 617 1314 sint,
633 1252 717 1304 talem
728 1267 790 1304 csse
800 1255 888 1306 totius

85 1319 210 1376 civitatis
224 1325 334 1372 statum.
368 1319 454 1372 Immo
467 1333 534 1380 vero
549 1317 742 1385 eaprimafuit
757 1317 888 1386 antiquis·

73 1387 169 1444 simis
178 1383 348 1453 temporibus
359 1401 458 1438 caussa
468 1385 723 1453 congregandarum
734 1385 891 1450 civitatum,

85 1461 236 1516 utessent,
254 1453 301 1520 qui
312 1452 365 1503 vim
378 1456 553 1516 coercerent,
568 1453 712 1504 tenuiores
723 1469 739 1504 a
749 1452 892 1532 potentio·

85 1537 149 1574 rum
166 1521 276 1572 iniuriis
295 1518 491 1582 defenderent,
510 1535 589 1572 suum
609 1521 708 1587 cuique
723 1517 890 1580 tribuerent.

49 1613 54 1618 ·
85 1590 157 1642 imis
177 1587 404 1656 aequabilitatem
421 1588 493 1639 inter
513 1602 608 1640 omnes
622 1602 672 1654 pro
686 1590 814 1654 portione
828 1591 889 1638 tue·

86 1665 192 1708 rentur.
225 1655 306 1706 lianc
326 1654 461 1724 originem
480 1655 663 1706 creandorum
677 1669 774 1724 regum
788 1652 888 1715 fuisse,

87 1721 164 1790 quod
172 1721 389 1774 robutissimam
398 1722 427 1774 in
437 1722 519 1774 terris
529 1723 638 1790 imperii
651 1738 752 1776 nomen
762 1727 817 1783 est,
830 1719 888 1777 He,

85 1789 204 1841 rodotus
213 1795 242 1840 et
250 1790 284 1841 ab
296 1803 330 1840 eo
340 1794 479 1840 mutuatus
490 1789 634 1854 Cicero**)
643 1789 763 1842 uadunt.
790 1787 887 1854 ltaque

86 1869 117 1906 re
139 1869 170 1907 es
179 1855 234 1922 ipsi
242 1855 394 1921 arrtiquitus
404 1855 578 1920 iudicabant,
587 1862 617 1907 ut
626 1857 731 1920 Minos,
743 1855 822 1908 cuius
832 1857 887 1906 sin·

86 1871 192 1990 gaianis
202 1922 310 1973 iustitie
319 1921 439 1972 iudicem
453 1934 527 1981 eum,
546 1928 670 1980 veterum
684 1924 828 1989 opinione,
847 1927 887 1972 et·

87 1992 143 2040 iam
156 1989 228 2056 apud
236 1987 343 2040 inferos
354 1985 433 2050 fecit3
451 1992 484 2038 ut
492 1987 598 2050 Tenes,
611 1989 701 2040 cultus
716 1988 788 2057 apud
798 1989 887 2040 Tene·

88 2055 152 2108 dios
169 2054 362 2122 proDeo⁴**),
381 2067 462 2120 quem
480 2067 542 2103 curn
561 2055 652 2106 securi
664 2055 783 2108 insulam
802 2069 837 2106 ex
855 2067 887 2108 se

87 2121 190 2196 dictam
200 2119 377 2174 obsorbulare
387 2120 501 2172 solitum
510 2122 622 2171 tradunt
633 2135 719 2188 eaque
730 2127 886 2188 percutere,

87 2203 171 2255 quos,
191 2204 289 2240 caussa
301 2190 441 2250 discussa,
459 2187 588 2238 iniuriam
600 2183 704 2238 iecisse
722 2193 885 2255 cognosset3

86 2263 118 2308 ut
132 2253 276 2322 Philippus
289 2253 421 2317 Macedo,
442 2269 523 2322 quem
536 2254 619 2304 etiam
634 2254 774 2320 patienter
786 2253 885 2306 tulisse

86 2322 257 2391 accepimus,
277 2322 452 2388 obiurgatum
471 2321 505 2372 ab
525 2320 656 2383 anicula‚'
668 2320 713 2371 cui
732 2319 886 2372 audiendae

86 2391 142 2442 sibi
160 2401 223 2440 csse
242 2388 330 2440 otium
347 2394 508 2456 negaverat:
532 2403 594 2442 euru
605 2388 657 2440 illa
673 2387 832 2449 retulisset,
850 2400 886 2439 ne

125 2499 153 2554 ³)
171 2499 218 2542 Cic
238 2499 266 2543 rls
279 2497 350 2554 Lsgr.
364 2495 409 2544 m
423 2503 459 2544 2⁰.
478 2503 503 2546 st
519 2499 637 2546 decorem.
657 2511 689 2546 ex
705 2493 840 2556 Xeropht.
851 2501 885 2542 12
1048 2551 1049 2560 ἵ

85 2555 206 2614 (xmopt.
217 2554 298 2598 0eeou.
309 2568 328 2598 c.
338 2557 360 2599 d.
369 2555 389 2610 ξ.
401 2555 446 2610 14.)

121 2611 154 2664 ¹¹)
171 2611 221 2654 cte.
230 2611 258 2654 tle
268 2611 329 2654 offic.
338 2609 371 2654 li.
382 2625 401 2655 c.
413 2615 445 2655 12.
456 2624 493 2668 pr.

113 2668 154 2722 ⁸¹)
171 2666 219 2712 Cic.
229 2666 254 2710 ira
262 2666 328 2710 Verr.
339 2665 380 2712 lib.
389 2665 410 2712 I.
419 2680 439 2712 r.
448 2671 483 2712 19.
493 2668 513 2725 1.
523 2669 558 2714 tt.
