2146 3008
198 165 248 216 21⁰
487 155 639 210 omnio
660 153 725 208 XX.

199 261 370 316 (latissimam
383 257 506 312 illsml).
516 255 659 309 Dominari
676 254 868 316 sodalitatem,
887 254 917 307 in
934 271 991 322 qna,

196 337 229 382 ut
239 331 356 397 primum
365 326 494 378 instituta
504 333 560 386 est,
576 331 708 389 tanquam
717 323 746 373 in
761 324 854 388 opimo
869 337 902 373 ac
911 322 992 376 fertili

198 411 280 464 agro,
292 395 445 460 eodemque
455 393 525 442 bene
540 405 573 442 ac
583 390 732 456 diligenter
741 389 857 441 subacto
868 395 898 440 et
907 389 993 440 excul-

198 470 242 527 to,
257 463 309 514 m'rl
324 469 352 512 et
362 461 504 512 doctrinae
517 457 708 573 maffnitudine
723 463 752 506 et
765 457 838 508 vitae
851 457 993 506 sanctitate

198 535 385 598 praestantes,
399 539 537 592 nunquam
550 539 567 574 a
579 524 600 572 ii
614 523 677 574 aliis
690 536 883 585 succrescere,
898 522 946 573 alii
963 537 994 573 ex

199 599 263 650 aliis
274 596 449 646 continenter
459 589 608 670 propagari
617 605 650 640 ac
658 589 841 655 prosendnari
848 587 993 648 desierunt.

198 663 229 713 ln
241 677 275 714 ea
283 663 324 712 ita
332 660 415 720 vixit,
428 664 458 708 ut
467 660 574 708 invenie
585 656 709 717 senibus,
720 657 775 708 tiro
786 656 937 717 veteranis,
949 671 994 706 no·

197 729 282 778 vitius
295 725 470 786 exercitatis,
484 730 613 789 tanquam
631 721 785 788 exemplum
801 722 994 783 continentiae,

197 794 379 854 tolerantiae,
389 789 568 857 frugalitatis,
578 789 769 851 obedientiae,
780 791 870 841 omnis
880 788 995 854 denique

197 859 309 912 virtutis
328 863 540 926 proponeretur.
573 855 671 922 Neque
689 871 757 907 vero
777 856 871 922 eoepit
888 855 996 921 quidem

197 929 240 979 ita
258 927 366 986 vivere,
385 925 435 976 sed
448 923 477 974 in
494 937 529 974 eo
546 937 603 973 non
616 923 752 989 perstitit;
770 937 860 989 neque
876 922 997 989 perstitit

195 992 324 1062 squidem,
337 991 386 1043 sed
397 1005 452 1041 non
461 989 574 1106 longius
584 1004 634 1054 pro
670 1004 749 1042 essue
763 995 818 1053 est;
836 1003 925 1056 neque
934 1002 997 1054 pro·

199 1075 314 1180 pressus
333 1059 457 1126 qnidam,
476 1071 507 1108 se
539 1057 569 1106 in
581 1069 626 1108 sne
647 1057 674 1108 ie
693 1071 777 1108 cursu
789 1055 997 1123 defatigatus*).

213 1142 285 1179 mmo
296 1140 363 1177 vero
373 1131 462 1176 totum
473 1124 545 1174 vitae
556 1123 673 1190 spatium
682 1123 724 1174 ita
733 1124 879 1190 transegit,
888 1127 927 1183 ut,
938 1137 998 1173 cum

199 1196 255 1247 iam
266 1193 373 1261 pridem
382 1193 418 1243 ad
431 1203 563 1242 summam
572 1191 683 1242 virtutis
692 1189 894 1256 perfectionem
903 1201 999 1254 perve-

200 1263 277 1314 nisse
287 1262 470 1320 iudicaretur,
481 1257 542 1325 ipse
551 1264 645 1310 tamen
654 1258 779 1324 quotidie
789 1271 820 1308 se
829 1257 892 1325 ipso
900 1254 1001 1308 melior

202 1327 397 1445 aegerfects'or
408 1332 579 1376 cerneretur.
633 1321 636 1328 '

260 1411 304 1446 nm
323 1401 415 1446 autem
428 1393 484 1443 alia
498 1393 528 1442 in
544 1389 598 1440 boc
612 1391 673 1442 siro
693 1389 868 1442 admirabilia
879 1387 1001 1450 fuerunt,

201 1469 259 1516 tum
269 1462 410 1529 singulare
421 1459 541 1510 studium
552 1457 758 1508 conservandae
769 1469 850 1507 serae
861 1471 894 1506 ac
908 1453 1003 1507 catho-

200 1529 274 1581 licae
292 1527 450 1594 religionis,
471 1531 500 1574 et
518 1523 650 1572 adversus
663 1535 726 1582 eos,
747 1523 793 1586 qui
806 1521 883 1572 illam
897 1523 956 1573 ulla
969 1537 1004 1572 ex

201 1601 280 1664 parte
301 1592 481 1645 labefactare
499 1591 679 1646 conarentur,
704 1585 879 1650 implacabile
907 1589 1005 1640 odium

202 1675 311 1727 semper
323 1657 422 1709 eluxit:
439 1653 601 1716 quibuscum
610 1649 658 1698 ille
669 1657 829 1715 perpetuum
840 1649 945 1702 bellum
957 1670 1005 1721 ge.

200 1741 279 1786 rens,
291 1734 326 1775 ne
336 1725 465 1788 punctum
475 1714 585 1781 quidem
595 1715 729 1779 temporis
740 1716 769 1766 in
782 1715 839 1765 vita
851 1716 887 1769 ab
900 1717 943 1768 eis
958 1737 1005 1772 ve.

199 1791 299 1845 xandls
319 1795 347 1837 et
365 1780 540 1848 exagitandis
559 1783 729 1848 conquievit.
761 1781 791 1834 ln
814 1783 878 1834 aliis
901 1791 1004 1838 erratis

201 1851 390 1908 condonandis
401 1854 484 1914 atque
495 1848 687 1915 ignoscendis,
697 1864 861 1918 quamquam
873 1858 902 1903 et
916 1855 962 1906 sui
976 1861 1004 1906 et

200 1923 317 1974 aliorum
328 1918 520 1968 severissimus
530 1929 642 1979 censor,
652 1932 708 1968 non
718 1919 759 1970 ita
769 1934 799 1970 se
810 1919 907 1969 durum
917 1927 1002 1988 atque

196 1985 399 2039 inexorabilem
407 1983 569 2064 praebebat:
580 1985 627 2052 qni
635 1984 670 2035 ab
680 1985 1000 2051 ecclesiadcseivissont,

197 2054 254 2106 nisi
263 2059 311 2104 aut
320 2054 397 2120 ipsos
408 2052 549 2103 erroribus
560 2058 608 2102 aut
616 2050 686 2117 ipsis
696 2053 791 2105 orbem
800 2067 852 2119 pur
873 2059 950 2117 aret,
961 2058 1001 2106 ri·

197 2128 254 2173 tem
265 2120 319 2172 sibi
331 2119 458 2171 acerbam
469 2126 552 2186 atque
562 2119 702 2170 insuavem
714 2133 777 2172 esse
787 2069 915 2172 duceist.
945 2121 1000 2174 lix·

199 2188 300 2242 edebat
313 2188 433 2240 animum
448 2189 536 2255 ipsius
553 2187 631 2240 zelus
652 2187 802 2250 ecelesiae,
819 2201 908 2255 neque
925 2191 999 2258 quis·

234 2301 256 2357 ⁸)
271 2299 402 2344 Meminisse
416 2300 479 2344 iuvat
490 2297 625 2344 nobilissimi
634 2296 679 2342 loci
689 2297 805 2343 Danastii.
816 2298 844 2341 de
854 2311 937 2342 corona
946 2311 1000 2354 pag.

197 2357 254 2402 iili.
264 2361 313 2402 288·
324 2357 342 2412 fi·
353 2359 398 2400 lii·
417 2355 489 2399 Bell.
505 2362 699 2402 συνεπαινεσάντων
707 2359 730 2400 di
740 2362 823 2402 πάντων
833 2363 867 2400 seni
878 2355 961 2409 οῧδινὸς
969 2361 1001 2400 ei-

197 2411 272 2458 no'ssot
286 2408 381 2452 recentes
393 2405 467 2468 ivdie,
484 2403 522 2449 cris
537 2405 594 2468 rinos
609 2407 649 2468 μὲν
665 2408 743 2453 ταῦτα,
758 2401 797 2446 nris
809 2405 891 2467 iberum
903 2409 938 2464 di,
951 2405 1002 2448 ste·

200 2523 201 2526 κ
221 2452 1002 2552 uu“tasttttslastncelsinaeinsanisset&

199 2505 343 2604 cliiiiix.
354 2554 374 2594 s.
385 2553 420 2593 ss.
439 2519 560 2594 nonina
572 2549 621 2592 nsit
633 2547 733 2602 qnnsn,
745 2523 784 2591 sie
795 2561 838 2588 non
848 2515 943 2602 einp-i,
960 2559 1003 2591 nse

199 2608 282 2662 scripsi
291 2608 393 2663 quidem,
408 2607 448 2649 scel
459 2619 503 2648 non
513 2607 560 2649 obii
567 2604 715 2658 legationem
730 2617 772 2647 nec
781 2603 828 2646 obii
839 2603 941 2658 quesn,
962 2601 1002 2648 sci

199 2674 244 2704 ncu
253 2663 357 2717 persensi
366 2661 493 2706 Tbebsnis.
