2154 3002
219 148 223 178 l
301 174 304 179 .

387 231 539 286 oleario
556 229 612 286 lli.
863 234 894 288 31
992 281 996 291 .

98 326 172 385 mine
179 331 289 400 probati
299 331 630 396 essent,ironesidssimum
637 329 737 400 possita
744 325 894 402 praemium

100 415 136 452 ex
146 402 255 450 aeraria
266 399 469 451 decerneretis!
480 399 557 460 Quae
568 407 644 452 certe
653 413 761 452 oneres
773 399 808 451 ad
819 403 895 452 coer-

101 467 216 518 cendam
231 468 347 518 istorum
360 467 545 518 temeritatem
558 467 626 518 sotis
643 467 775 532 ponderis
792 465 895 518 habere

44 579 51 592 ,
102 531 234 595 debebat,
248 537 293 593 ut,
305 531 330 588 si
339 529 498 584 hebetiores
509 547 559 584 eos
569 539 668 584 natura
677 532 895 600 stolidioresque
944 539 948 550 '

102 599 241 660 fluxisset,
257 613 337 664 quarn
348 604 379 650 ut
408 599 534 663 erviderc
545 597 640 650 harum
652 613 743 650 rerum
752 601 895 666 praestan·
948 637 950 640 -

100 665 168 716 tiam
179 662 305 731 possent,
326 612 500 732 quoXtamtn
510 671 603 717 vestro
617 664 713 717 talium
723 666 895 718 virommio·

102 729 176 783 dicio
186 730 332 796 probatum
342 730 429 794 ieret,
443 745 571 798 magnum
581 745 643 782 esse
654 731 759 799 aliquid
771 745 805 783 eo
813 737 894 801 ‘prae-
925 738 927 744 '

102 795 206 848 ciarum
225 799 440 862 smpicarentur.
475 796 531 849 Sed
549 797 678 876 quoniam
696 797 823 861 cunulis,
847 801 894 866 qui

96 863 266 916 auctoritate
275 875 332 914 non
346 866 505 923 moventur,
517 862 674 913 renonibus
688 877 705 912 a
742 861 826 913 ndum
841 868 896 914 estc

97 929 196 982 adeste
205 928 349 985 aninum).
360 924 484 1039 niihipue
492 928 616 979 breviter
627 933 706 978 osten
727 927 797 990 enti.
814 941 896 995 quam

100 989 177 1039 varia
188 1002 323 1054 quomque
337 988 482 1054 multipes
495 991 615 1042 eruditio
630 1004 661 1042 ro
681 993 787 1044 uiratru
803 993 833 1044 in
846 993 893 1056 ils,

101 1053 148 1120 qui
164 1053 273 1105 litteras
290 1051 466 1106 humaniores
486 1056 600 1119 docent,
624 1007 776 1138 eademque
798 1072 893 1124 opera,

102 1126 221 1186 wantos
236 1134 271 1172 ex
284 1133 379 1171 eorum
392 1121 515 1174 navitate
527 1128 611 1189 atque
625 1123 762 1174 industria
770 1125 891 1190 respubl.

99 1184 365 1252 percipiatiruotos,
383 1201 529 1239 nonnus-es
537 1189 636 1253 modo,
651 1189 815 1242 sednrentes
825 1203 891 1258 quo·

100 1265 155 1320 que
173 1256 305 1314 attentu,
324 1267 443 1320 quaeso,
462 1253 613 1320 paullisper
631 1253 769 1308 adhibete.
870 1266 874 1278 ·

133 1317 223 1384 despue
233 1318 313 1380 adeo,
323 1325 354 1369 ut
365 1317 434 1384 iraec
445 1325 506 1371 tota
513 1321 705 1372 controversia
713 1321 811 1373 meiius
821 1321 891 1372 diiu-

99 1381 217 1446 dicetur,
227 1398 327 1450 operae
339 1388 457 1452 pretium
468 1393 523 1448 est,
532 1387 625 1449 initio,
636 1401 769 1452 quaenam
778 1388 816 1438 sit
824 1389 892 1440 isto·

98 1461 158 1500 runa
169 1455 387 1516 contemptorum
398 1449 575 1506 humanitatis
586 1454 689 1515 oratio,
710 1467 890 1522 cognoscere.

100 1515 604 1584 Quiquoniameos‚quihascelitterss
613 1520 890 1582 mactauaadnuiluru

98 1579 161 1634 iere
169 1583 283 1634 maioris
293 1584 423 1635 momenti
435 1587 576 1653 nogotium
586 1585 825 1650 adhiberdrideot,
835 1601 892 1640 non

98 1647 134 1700 ad
142 1647 305 1702 iudicandas
320 1649 397 1712 lites,
410 1665 466 1702 uon
475 1652 511 1703 ed
521 1652 642 1720 agendas
653 1667 780 1716 caussas,
792 1653 891 1706 non-ad

1 1747 20 1760 ..
98 1713 286 1766 dicandamdo
296 1715 378 1767 rebus
388 1717 560 1832 {amoribus
574 1721 751 1772 sententiam:
767 1717 852 1772 facilc
862 1721 891 1772 iu

98 1793 160 1832 eam
171 1781 328 1847 opinionem
338 1795 387 1848 pro
417 1783 526 1847 banau,
536 1791 567 1836 ut
575 1785 610 1836 nh
621 1787 671 1847 eis,
681 1788 890 1852 praeterpoe'ti·

96 1859 147 1898 eas
159 1847 290 1912 quasdam
303 1845 413 1900 fabulas
422 1849 457 1900 ad
474 1851 596 1915 pueriles
605 1853 711 1904 animos
729 1850 889 1904 hilarandos

96 1914 515 2046 {laisli'ldelll‘i‘iill
528 1918 889 2052 adiileellzlli

0 2101 1 2112 χ
96 2041 172 2104 Quid
182 2049 271 2096 autem
280 2047 372 2114 magui
381 2049 488 2114 negotii
497 2055 551 2112 est,
559 2051 694 2118 inquiunt,
703 2053 732 2103 in
740 2065 889 2118 puerorum

95 2123 231 2162 consessu
244 2110 278 2162 de
292 2113 429 2166 eiusmodi
448 2115 586 2182 tigmentis
606 2131 835 2181 commemorare,
854 2132 888 2170 ae

94 2176 178 2227 modo
189 2177 224 2229 de
234 2175 382 2242 Thebano,
391 2181 475 2232 modo
485 2181 521 2232 de
531 2183 653 2237 Troiano
663 2183 748 2246 bello,
757 2185 840 2236 modo
852 2184 887 2237 de

94 2241 184 2294 Ulixis
199 2248 248 2294 nui
258 2245 368 2298 Aeneae
381 2247 523 2298 erroribus
537 2249 616 2300 molli
630 2255 659 2302 et
671 2250 707 2302 ad
720 2252 829 2306 inanem
839 2249 888 2302 ob·

94 2305 274 2362 laetationem
289 2325 349 2362 com
371 2313 444 2364 usito
461 2315 597 2366 sermonis
613 2329 715 2383 genere
734 2317 886 2374 dissereret

93 2372 299 2444 identidemque
313 2327 388 2432 reflat
403 2393 418 2431 e
432 2379 595 2446 quibrudaoa
613 2382 714 2436 arculis
732 2395 887 2434 accommo-

93 2437 159 2491 data
170 2441 338 2494 colorandas
349 2442 471 2496 orationi
482 2446 622 2513 pigmenta
636 2447 813 2515 depromeret
834 2447 885 2497 Ec·

93 2519 164 2574 quae
173 2513 266 2560 sutem
272 2524 373 2578 magna
384 2511 504 2564 eruditio
517 2517 573 2574 est,
587 2515 674 2575 scire,
689 2518 757 2581 quot
769 2509 885 2564 naribus

118 2621 140 2676 ')
157 2621 206 2668 Gie.
219 2635 261 2678 pro
271 2622 417 2678 Salassi.
428 2629 463 2668 ⁸³.
475 2623 591 2668 eas-ests
602 2638 679 2670 onnes
692 2625 783 2676 ulna.
796 2625 835 2680 qul
844 2623 885 2674 Ml.-

90 2679 148 2721 ssiis
157 2679 408 2734 mrpnrilus-crigits
417 2684 504 2724 nanim
513 2691 622 2736 samaeas
630 2688 724 2732 ηοω
734 2685 757 2727 ci
766 2693 802 2724 sae
812 2681 839 2724 ds
849 2681 884 2726 in·

1 2750 15 2765 c
89 2733 185 2778 'idionis
195 2735 263 2778 mbas
271 2757 300 2769 ·-
308 2736 421 2782 ditonum
430 2733 547 2779 amputa
