2156 3008
408 191 561 254 ondl'lo
579 191 615 246 X,
679 223 680 230 κ
860 197 909 250 1⁰9

109 303 215 354 horeat.
251 289 408 354 nonenim,
433 293 524 354 credo,
539 293 728 361 diffluerent,
744 303 774 344 ut
793 297 910 360 rnentbrc

110 371 205 423 nostru
218 367 407 420 enarraturam
409 359 564 427 figuramve
577 374 723 412 noscamus·
754 360 845 429 Neque
862 379 910 416 uos

112 444 227 496 corporo
242 441 344 483 sumus:
363 441 446 492 nepae
461 441 525 493 ego,
546 425 670 478 tibiisuec
685 427 784 490 dicens,
804 429 912 496 corpori

113 505 160 548 tuo
172 494 238 546 dico.
276 491 342 544 eum
351 491 449 560 iffitur,
459 507 537 544 nosce
548 501 585 553 to,
595 492 671 556 dicit,
684 493 734 544 loc
744 494 820 558 dicit,
834 511 911 554 nosce

114 561 232 616 caiolum
245 567 330 612 mum:
350 574 414 610 nom
426 574 520 624 cotpus
536 558 639 625 quidem
653 560 730 628 poesi
742 575 787 612 cas
806 569 846 614 ert
862 561 911 614 ali·

115 629 186 698 quod
194 625 279 679 animi
286 633 335 678 aut
344 641 402 678 rece
451 625 573 684 comest).
757 629 759 634 ’

147 693 210 747 Duc
222 700 299 755 sunt,
313 707 383 759 quae
394 633 527 748 li's‘gtenm
538 691 657 758 probare
667 693 833 746 studuimus:
854 697 910 746 exi·

114 763 200 814 mium
212 759 351 828 quoddam
360 760 462 812 bonum
473 773 536 810 esse
546 760 736 826 cognitionem
746 763 799 824 sui,
810 768 838 812 et
847 777 911 813 nos.-

116 843 146 880 se
161 843 191 880 se
206 825 354 879 nihil'ease
374 823 461 887 aliud,¹
481 839 561 892 quam
581 839 664 876 nosce
684 827 802 880 animum
821 844 910 879 suum.

114 895 194 948 Nunc
209 900 354 960 autequam
366 891 577 958 progrediamur
588 893 721 954 ulterius,
734 893 804 944 illud
818 895 911 945 admo·

115 962 199 1016 nendi
213 961 294 1023 estis,
314 973 396 1010 unam
411 953 581 1024 eandemque
594 973 652 1010 reru
666 973 721 1009 non
732 973 786 1010 uno
801 961 911 1014 eodem·

115 1041 169 1098 que
182 1028 266 1082 niodo
280 1041 297 1076 a
310 1025 430 1076 diversis
439 1025 592 1076 artificibus
605 1025 785 1080 considerari.
820 1027 911 1094 Angu-

114 1095 172 1150 lum
185 1100 303 1155 rectum,
320 1093 414 1144 aiebat
426 1091 594 1144 Aristoteles
605 1091 693 1158 primo
708 1090 807 1142 horum
826 1093 911 1145 libro·
935 1097 937 1102 ’

114 1163 234 1226 rnm⁴*),
251 1161 306 1211 alia
320 1158 430 1210 ratione
444 1157 604 1208 considerat
615 1164 785 1224 geometres,
802 1158 858 1208 alia
871 1158 910 1210 ia·
984 1189 993 1203 .

114 1229 175 1284 ber.
211 1225 257 1279 Sic
271 1233 299 1276 et
312 1223 451 1276 hominem
461 1223 545 1286 aliter
558 1224 694 1284 medicus,
715 1225 797 1274 aliter
807 1226 909 1292 pictum

116 1302 146 1348 et
155 1293 272 1346 animum
282 1291 401 1344 hominis
411 1291 494 1342 aliter
508 1289 639 1364 physicus
651 1291 817 1354 considerat,
829 1291 912 1342 aliter

115 1361 256 1430 politicus.
286 1357 410 1426 Physici,
420 1360 539 1424 quaesit
549 1357 701 1408 arrimornm
710 1363 816 1420 natura,
828 1372 909 1423 quae·

114 1433 189 1482 runtt
210 1426 344 1492 sirnplex,
359 1440 394 1476 an
413 1425 567 1492 composita
586 1429 668 1490 atque
688 1430 830 1488 concretn3
851 1438 910 1475 cor-

115 1507 213 1562 porea,
235 1508 270 1544 an
286 1507 384 1560 expers
398 1493 537 1558 corporis3
554 1491 680 1542 mortalis
696 1498 724 1542 et
740 1491 855 1552 caduca,
869 1495 911 1542 'an
938 1535 944 1540 ,

57 1620 60 1624 ,
114 1560 278 1616 immortalis
291 1567 319 1610 et
329 1564 452 1623 aeterna,
464 1559 536 1611 sitne
546 1563 621 1610 totus
633 1558 738 1609 animus
748 1559 776 1608 in
787 1558 912 1626 qualibet

114 1634 193 1698 parte
210 1625 348 1694 corporis,
366 1639 401 1675 an
414 1641 594 1694 unaquaeque
606 1625 682 1678 illius
695 1624 814 1676 facultas
832 1629 910 1676 suam

114 1699 274 1761 incorpore
289 1692 383 1744 sedem
397 1695 529 1761 quasique
543 1693 713 1744 domicilium
726 1691 828 1743 habeat
839 1707 855 1742 a
866 1706 910 1742 ce·
982 1719 984 1726 ι

115 1763 184 1814 teris
197 1766 334 1812 secretum
349 1774 381 1810 ac
396 1767 561 1826 separatum.
594 1759 656 1812 Nos
677 1773 855 1827 quaecunque
876 1757 910 1810 de

115 1829 152 1882 lis
165 1835 194 1880 et
206 1828 307 1879 talibus
320 1827 355 1876 ab
370 1827 423 1888 eis,
437 1827 571 1878 duntaxat
580 1827 710 1894 religioni
723 1833 835 1878 nostrae
846 1839 909 1876 con·
941 1843 946 1848 ’

73 1897 79 1924 ³
116 1901 260 1957 sentence,
272 1895 433 1956 traduntur,
445 1901 574 1960 tanquam
584 1909 650 1944 vera
660 1899 688 1944 et
697 1894 853 1944 indubitata
862 1905 910 1958 po·

115 1969 226 2022 nentes,
246 1963 365 2016 animum
379 1975 413 2010 ea
432 1965 537 2010 tantum
559 1960 668 2012 ratione
687 1961 910 2020 consideremus,

116 2042 172 2098 qua
185 2028 230 2078 vel
241 2028 385 2094 depravari
401 2033 430 2078 ot
443 2027 581 2092 corrumpi
594 2027 684 2088 vitiis,
694 2027 748 2086 ¹vol
762 2026 910 2089 virtutibus

116 2094 213 2163 perfici
226 2100 254 2145 et
263 2093 298 2144 ad
307 2093 362 2144 liei
371 2093 593 2152 similitudinem,
615 2097 744 2158 quantum
757 2099 854 2144 natura
864 2107 911 2158 pa·

113 2163 194 2224 titur,
208 2160 320 2228 perduci
331 2165 435 2226 potest
472 2161 563 2221 Quare
578 2173 638 2208 cum
652 2156 736 2209 hodie
748 2158 911 2220 nobisillud

112 2229 285 2297 propositum
296 2227 343 2289 sit,
357 2233 388 2278 ut
398 2241 433 2278 ex
440 2224 611 2286 Aristotelis,
626 2225 654 2278 in
664 2224 699 2274 lie
709 2224 802 2287 libris,
818 2224 910 2291 qui‘ad

113 2295 247 2346 moralem
256 2291 464 2361 philosophiam
477 2293 629 2361 pertinent,
643 2292 794 2353 sententia,
808 2291 842 2342 de
853 2291 908 2340 ani·

107 2362 152 2417 mi
173 2357 284 2412 hannani
306 2360 429 2428 partibus
452 2360 541 2428 deque
560 2357 776 2422 unuiuscuiusqua
798 2357 908 2408 illarum

110 2425 284 2495 perfectione
295 2427 380 2478 verba
389 2426 534 2489 iaciamus,
545 2453 578 2466 -·
587 2423 640 2476 hoc
652 2425 722 2476 enirn
733 2422 908 2488 potissimum

56 2495 64 2503 ⁴
111 2495 196 2548 modo
206 2491 413 2562 praeparandos
424 2508 486 2546 eece
496 2508 547 2546 vos
560 2491 627 2546 duxi
636 2491 670 2544 ad
681 2489 869 2558 cognitionem
879 2493 916 2550 etv

147 2593 168 2648 ⁸)
184 2593 289 2646 Logitnm
317 2602 374 2636 nam
389 2601 470 2650 corpus
481 2591 619 2650 meas
628 2597 668 2640 est,
678 2595 722 2634 aot
731 2586 825 2646 aliquod
838 2585 910 2628 animi

109 2651 285 2706 receptaculum.
305 2662 307 2668 ¹
377 2657 382 2668 ⁸
402 2649 403 2656 ’

140 2707 265 2760 ''lue-¹1
