2156 3008
204 197 254 262 rao
387 221 390 233 o
484 193 724 261 ou'nrlcxin.

204 307 394 362 herbescentis
406 305 496 360 adhuc
513 321 600 376 seque
608 307 994 378 paullatimexserentislcge·
1066 268 1067 309 3

204 377 244 427 nii
251 371 401 427 'teneritate
411 377 525 444 magnas
536 375 683 442 aliquando
691 376 801 426 virtutis
809 383 842 426 a'e
849 377 994 442 sapientiae

202 441 300 510 frages
320 441 486 496 exstiturae!
500 442 587 503 Quod
602 443 631 492 si
649 441 736 504 idem,
757 453 863 492 carmus
881 443 996 508 puellm

202 512 257 560 iam
269 509 493 570 corroborasset,
507 514 538 568 ut
551 508 763 574 planeliber'ab
778 509 906 560 omnibns
917 510 995 576 irnpe-

204 575 332 626 dimcntis
351 575 407 625 iter
421 575 657 626 sibi'destinatum
670 575 827 640 expeditius
841 577 994 638 conticeret,

203 637 362 703 secederet,
378 645 596 710 segregaretqne
611 656 644 692 sc
658 655 676 690 a
688 641 854 692 commercio
868 642 954 709 vulgi,
969 653 995 693 et

202 705 357 759 solitariam
375 708 461 758 vitam
481 709 622 774 amplexus
635 721 736 758 nonien
748 708 828 759 daret
840 709 869 758 in
883 723 943 759 eam
954 723 994 776 so·

202 773 357 836 dalitatem,
391 787 443 824 uae
454 789 489 826 cx
518 789 554 825 uo
565 777 680 840 primurn
697 774 891 836 instituta'est,
905 783 1002 842 perpe--

200 789 430 908 tuum'qundgann
440 789 622 892 rncx‘iaustae
636 839 814 892 fecunditatis
825 841 996 892 seminarium

201 905 342 957 lronrlnum
361 914 390 958 et
410 907 538 959 doctrine
555 913 584 959 et
603 907 704 958 ruente
723 910 921 973 praestantium
934 893 996 958 iun:

203 975 264 1040 quis
283 987 338 1024 non
357 974 385 1024 in
405 989 440 1024 ea
458 988 520 1040 spe,
546 987 626 1040 quam
644 973 699 1021 iam
717 979 800 1024 antea
817 975 997 1040 concepisset,

181 1077 183 1081 .
201 1039 290 1105 magis
307 1053 339 1090 ac
352 1041 441 1107 magis
456 1039 681 1092 conmutaretnri
697 1038 754 1089 lam
766 1053 847 1102 vero,
862 1043 886 1092 si
899 1040 998 1090 multos
1067 1061 1068 1064 ¹

202 1119 289 1157 annos
301 1109 331 1157 in
346 1107 444 1157 eodem
459 1107 557 1158 ordine
570 1108 612 1156 ita
624 1106 800 1169 sinissetcut
811 1123 871 1157 non·
880 1105 999 1172 asquitil-

202 1173 254 1222 bns
267 1173 350 1224 modo
367 1175 424 1224 suis
443 1178 492 1222 aut
504 1172 657 1224 minoribus
668 1177 746 1234 nain,
761 1174 810 1222 sed
824 1175 892 1240 ipsis
909 1172 999 1223 senio·
1067 1213 1068 1220 ,

201 1239 280 1290 ribus
305 1239 460 1308 exemplum
481 1241 658 1290 innocentiae
682 1240 898 1306 etintegritatis
915 1243 999 1299 esset,

202 1306 306 1356 nnllam
330 1321 449 1374 unquam
468 1307 552 1358 ullius
575 1305 767 1370 turpitudinis
778 1315 828 1356 aut
846 1305 946 1372 flagitii
964 1319 1000 1356 ua

144 1393 149 1400 ·
202 1373 392 1423 tenuissimam
412 1373 522 1443 quidem
542 1373 727 1437 suspicionem
750 1370 885 1432 dedisset,
909 1385 1001 1436 neque

200 1440 229 1491 in
251 1437 559 1506 castigandis'aliorum
579 1437 689 1487 delictis
708 1436 840 1483 remissus
859 1441 945 1494 esset,
959 1445 1004 1489 ιρι

109 1505 113 1514 ’
200 1511 292 1554 tamen
308 1506 371 1556 aliis
386 1506 512 1558 orionibus
525 1503 635 1554 facilius
645 1502 821 1566 ignosceret,
836 1504 916 1562 quani
931 1500 1003 1568 sibi3

199 1571 275 1636 pium
285 1585 319 1622 ac
327 1575 428 1624 iustum
438 1565 541 1619 bellum
551 1567 764 1616 indixissetcum
777 1563 902 1613 oninibus
912 1567 1003 1632 vitiis,

199 1645 257 1687 tum
266 1637 415 1704 praecipue
425 1636 515 1701 pravis
527 1639 555 1682 et
563 1635 647 1680 verae
657 1625 858 1680 aecatholicae
866 1631 1010 1699 religioni

200 1701 350 1754 contrariis
368 1699 560 1766 opinionibus,
577 1693 827 1746 multos-mortales
841 1705 889 1749 ant
903 1713 1003 1752 errore

154 1772 161 1780 “
199 1768 293 1835 lapsos
313 1767 410 1817 catab
428 1762 493 1812 aliis
512 1765 541 1812 in
557 1759 682 1812 fraudem
694 1763 823 1815 inducias
836 1775 1003 1819 revocasset

198 1836 227 1884 in
241 1835 325 1894 riam;
345 1830 499 1880 obstinatos
519 1835 547 1879 et
559 1828 781 1896 pertinaces,-'ne
795 1845 890 1884 eomm
903 1840 1001 1884 costa-

199 1900 245 1966 gio
265 1897 345 1948 bonis
367 1895 492 1957 obesset,
516 1895 812 1964 repressissct'legum
834 1899 949 1950 habenis
970 1908 1002 1952 et

199 1977 294 2015 onmes
304 1962 379 2014 vires
392 1975 456 2011 suas
467 1963 503 2014 ad
517 1975 568 2014 eos
582 1965 805 2016 externninandes
814 1966 1001 2030 commiscet,

198 2029 314 2096 eiusque
334 2027 377 2078 rci
393 2031 610 2082 caussa'nullam
628 2029 823 2094 offensionem,
837 2033 940 2083 nullam
960 2035 1001 2085 si·

196 2093 352 2158 multatem,
378 2095 483 2153 nullum
502 2098 608 2160 edium,
636 2097 739 2150 nullam
759 2099 875 2166 denique
894 2100 1001 2164 capitis

198 2161 404 2230 dimicationem
427 2164 618 2233 sibl'unquam
638 2165 834 2232 defugiendam
856 2170 1001 2231 putassete

197 2241 291 2290 uenio,
307 2235 339 2280 ue
351 2232 462 2297 opinor,
481 2234 662 2292 inveniretur,
679 2234 725 2298 qui
737 2247 793 2284 non
805 2239 910 2282 mistum
924 2231 1001 2284 illud

197 2295 308 2347 rimatis
322 2303 350 2348 et
367 2303 540 2350 constantiae
558 2301 650 2349 lunren
662 2301 691 2348 in
713 2300 825 2349 excelso
845 2297 940 2362 aliquo
969 2307 1002 2350 et

125 2404 130 2420 ,
195 2363 300 2416 illustri
317 2363 382 2416 loco
409 2365 602 2416 collocandum
631 2365 819 2422 arbitraretur.
854 2363 895 2412 nd
923 2363 1001 2416 haec

198 2427 291 2486 omnia
309 2432 333 2483 sl
347 2432 480 2483 iudicium
500 2437 529 2480 et
549 2432 701 2482 auctoritas
721 2431 795 2480 acris
813 2429 930 2480 alicuius
963 2445 1001 2482 ac

198 2499 289 2550 severi
299 2497 612 2559 Pantilieisacccderet,
624 2498 677 2562 'qui
688 2497 764 2546 nulle
773 2509 886 2560 prorsus
897 2498 956 2548 alia
965 2511 1001 2550 re

197 2565 341 2684 §camilla
353 2564 506 2634 praestanti
519 2565 621 2614 virtute
636 2569 802 2623 mimniotns,
821 2575 881 2613 eum
897 2563 1004 2629 virum,
1067 2593 1068 2598 =

116 2687 117 2695 χ
193 2637 308 2699 ‘equo
320 2629 471 2698 loquimur,
489 2628 559 2682 nibil
572 2631 630 2682 tale
643 2628 812 2680 ambientem
822 2645 854 2680 ac
868 2635 903 2681 tre
918 2642 953 2681 co
992 2663 1003 2672 -

197 2703 301 2750 tantem
310 2699 434 2766 quidem,
449 2699 696 2750 insacrosenetnm
707 2697 893 2778 cardinalium
908 2699 956 2772 col
972 2714 1004 2750 e·
