2146 3008
144 197 147 210 ·
184 187 233 240 iso
446 185 600 242 oanrro
617 143 741 242 xvir„

182 303 245 341 eom
259 287 361 342 ceteris
374 287 521 340 verissimo
533 289 645 340 nomine
653 295 796 356 parentem
809 304 842 341 ac
856 290 982 348 condite·

182 369 240 408 rem
252 358 373 407 omnium
381 370 474 406 rerum
485 361 625 405 vocarent.
661 356 760 407 Exstat
768 358 912 423 praeclara
922 376 981 413 sen·

182 423 272 474 tentia
289 423 362 488 apud
381 419 595 487 Xenophontem
614 422 643 472 in
659 421 892 488 Oeconomico*),
913 427 984 479 nihil

183 503 247 540 esse
261 495 309 540 eut
318 488 441 554 pulcrius
454 495 502 538 aut
523 487 559 538 ad
573 502 652 539 usum
662 490 834 541 commodius
846 506 926 557 quam
939 508 982 544 or·

184 556 288 618 dinem3
311 552 381 606 nihii
400 561 498 604 contra
514 559 563 604 aut
579 562 695 621 aspectu
712 555 824 607 foedius
843 573 875 609 ac
890 558 1004 612 detor-¹

182 624 264 684 mius,
275 626 323 672 aut
332 621 405 686 quod
415 622 495 686 plora
504 621 631 671 omnibus
641 620 724 672 rebus
731 623 906 675 incommoda
915 625 982 676 atie·

182 694 235 748 rat,
248 702 328 753 quam
337 682 529 737 confusionem
538 689 823 755 acpertorhationem,
849 691 885 741 At
893 693 983 743 nostri

182 753 226 804 illi
236 769 297 804 cum
307 753 474 804 dialecticen
487 758 535 803 aut
547 769 604 804 non
613 755 791 817 didicissent,
806 762 854 807 aut
863 757 903 807 ita
913 758 983 810 didi·

183 821 300 882 cissent,
311 827 405 871 utnon
416 820 549 870 didicisse
560 826 725 886 praestaret:
745 822 856 889 quibus,
867 838 982 889 quaeso,

181 886 272 937 modis
283 887 376 937 omnia
385 887 569 938 miscuerunt?
584 888 693 954 qualem
702 889 782 939 nobis
793 890 925 956 cuiusque
935 903 982 956 ge·

182 953 257 1003 ueris
276 960 488 1019 praeceptorum
506 952 675 1020 far-reginem
693 955 880 1028 reliquerunt}
903 958 939 1008 Ut
956 958 982 1008 si

182 1020 244 1086 quis
253 1021 374 1072 rusticus
385 1021 532 1082 hordeum,
543 1022 675 1084 triticum,
684 1022 793 1084 viciam,
802 1023 943 1089 legumina
951 1024 983 1075 in

182 1099 266 1137 unum
282 1103 411 1139 acervum
425 1087 563 1150 conferat,
580 1101 637 1139 non
651 1089 728 1139 illius
743 1103 871 1142 acervum
883 1087 983 1144 horum

182 1156 388 1206 commentariis
399 1154 554 1205 existimem
564 1155 794 1220 perturbatiorem
805 1155 877 1208 fore.
909 1156 984 1210 Mihi

182 1221 306 1338 quidem,
326 1237 387 1274 cum
401 1223 429 1272 in
449 1237 499 1272 eos
516 1222 648 1288 inspicio,
669 1223 831 1291 saepissime
846 1223 983 1278 ondam

182 1288 190 1338 i
205 1287 233 1340 la
241 1287 277 1340 de
287 1287 363 1341 Chao
375 1291 403 1341 in
413 1294 534 1340 mentem
542 1292 669 1341 veniuntr

237 1387 350 1460 Quaque
361 1397 421 1444 erat
433 1396 459 1440 et
472 1390 559 1452 tellus,
572 1389 627 1442 iilic
640 1397 774 1458 sipontus
787 1371 815 1442 et
823 1393 924 1452 αἴν’).

181 1488 245 1544 Νοιι
260 1492 343 1543 aliter
353 1491 426 1542 enim
436 1490 509 1556 apud
518 1489 582 1552 hos,
596 1489 654 1552 ubi,
668 1489 745 1540 verbi
759 1503 871 1553 caussa,
886 1491 920 1544 de
934 1505 984 1542 au·

181 1557 312 1612 ctoritate
325 1559 534 1624 magistratuum
545 1555 648 1620 agitur,
663 1554 771 1604 dicetur
780 1555 864 1604 etiam
875 1557 986 1622 aliquid

181 1622 216 1674 de
227 1625 412 1682 testamentis,
426 1621 473 1670 ubi
484 1619 517 1668 de
529 1620 649 1668 emtione
660 1624 688 1667 et
697 1617 856 1667 venditione
867 1619 986 1674 disseri·

180 1698 239 1753 tur,
255 1689 360 1756 aliquid
370 1687 404 1735 de
414 1685 511 1750 poenis
525 1689 573 1731 aut
583 1682 617 1731 de
630 1683 796 1732 auctoritate
806 1687 929 1734 tutorum
939 1687 985 1737 io·

180 1763 299 1816 seretur3
311 1751 379 1803 nihil
392 1755 435 1798 est
445 1747 508 1796 deni
531 1761 574 1809 ue,
584 1748 658 1813 quod
668 1753 771 1798 certam
781 1748 875 1798 sedem
887 1764 920 1801 ac
931 1751 985 1804 do.

180 1823 313 1874 micilium
326 1815 438 1873 habeat,
457 1761 528 1862 nihii
542 1814 616 1880 quod
632 1830 690 1868 non
701 1815 872 1866 alienissimo
890 1831 984 1886 neque

180 1887 264 1939 facile
284 1897 317 1933 ac
337 1894 388 1933 suo
408 1879 471 1930 loco
489 1888 687 1946 pertractatum
707 1881 871 1949 reperiatur.
912 1883 983 1940 inde
1061 1883 1062 1914 ³

179 1949 246 2004 iilse
257 1949 372 2000 crebrae
384 1961 420 1998 ox
428 1963 484 1998 uno
495 1947 524 1999 in
535 1949 716 2002 aliumlocum
725 1950 906 2004 reiectionem
917 1967 984 2004 cum
1061 1969 1062 1976 ¹

180 2027 223 2080 te,
237 2015 312 2134 quod
322 2015 367 2067 hic
378 2014 514 2083 agendum
528 2031 560 2066 ac
569 2018 742 2069 tractandum
755 2023 827 2082 erat,
839 2020 869 2071 id
883 2019 983 2071 iubent
1061 2077 1062 2082 η

181 2099 217 2137 ex
230 2099 246 2135 a
258 2086 286 2135 io
298 2089 406 2150 petere,
421 2083 450 2134 in
467 2098 521 2150 quo
534 2085 591 2135 tale
601 2085 750 2152 quidquam
764 2085 822 2152 agi,
841 2101 982 2152 nunquam

179 2152 234 2204 nisi
257 2151 413 2204 admonitus
437 2151 561 2201 divinare
584 2155 733 2219 potuisses.
770 2152 893 2204 Prorsus
906 2161 937 2204 ut
955 2153 982 2203 si

108 2260 119 2270 .
180 2220 242 2288 quis
257 2217 458 2286 paterfamilias
475 2225 581 2270 restem
599 2235 655 2272 non
671 2221 700 2272 in
717 2220 864 2283 vestiario,
882 2218 934 2270 sed
950 2220 982 2274 in

179 2324 238 2364 tanis
251 2318 292 2362 ssd
303 2331 334 2362 ex
343 2317 514 2374 eupsrtieoiss,
529 2318 616 2362 similes
629 2319 690 2362 inter
703 2333 739 2370 se,
755 2319 863 2370 minutus
876 2329 915 2361 em
930 2320 982 2373 pri·

180 2389 239 2418 nrum
249 2375 365 2423 conium,
378 2379 460 2430 postes
469 2373 494 2416 in
502 2375 605 2417 ordinem
615 2377 727 2420 adductos
736 2386 749 2416 ι
758 2379 833 2416 ments
844 2375 926 2416 divina
943 2374 981 2418 ld.

180 2431 210 2474 de
218 2432 323 2474 Univerr.
333 2434 376 2472 cii.
393 2431 502 2486 quidqoid
517 2434 578 2478 eret,
592 2431 650 2482 quod
662 2432 684 2472 in
696 2431 801 2472 cernendi
813 2442 900 2472 sensom
911 2429 982 2472 esde·

180 2491 222 2536 ret,
233 2487 312 2556 mfffi
321 2486 534 2540 assumpsitffleusj
543 2507 572 2516 -
581 2485 649 2538 idque
660 2499 690 2528 ex
701 2485 829 2528 inordmuto
839 2485 863 2528 in
874 2485 981 2530 ordinem

180 2543 322 2663 ώέῗιιὶιῐιῐιῐί..
332 2596 352 2652 ξ.
362 2599 382 2639 8.
403 2594 460 2636 'Burs
474 2593 497 2634 δ’
508 2591 569 2636 state
583 2589 649 2642 vitree
660 2589 709 2637 siis·
722 2589 836 2644 εὔχρηστον
850 2591 899 2635 οὔτε
911 2593 980 2637 καλὸν

180 2648 433 2754 oppansam&
444 2699 478 2744 1³.
