2154 3002
173 145 209 200 ss
359 133 364 147 '
458 145 615 202 ouum
628 145 681 204 ΙΝ.

174 253 283 308 cenent,
302 247 349 299 vel
362 247 509 300 verborum
521 247 646 316 tlosoelis
659 217 798 312 contenti,
816 263 852 302 ne
865 252 969 318 uptus·

172 319 237 364 rent
245 313 356 378 quidem
365 313 401 364 ad
413 313 573 365 reconditos
587 315 741 394 sapientiae
749 313 873 380 fructus,
881 321 969 384 pessi·

172 391 220 430 me
230 386 363 446 utrosque
376 378 435 430 tdm
444 379 516 441 etsie,
525 381 693 431 tsnnahenas
702 381 802 433 stadiis
812 381 969 450 censalem,

76 501 83 517 ι
174 451 203 495 at
216 447 328 496 exitiale
343 446 422 512 quasi
440 447 616 510 conperisse·
633 447 718 500 arisai
735 447 911 513 dissidium*)
929 451 969 502 in·
999 481 1002 486 ·

173 509 275 562 ducere
285 512 442 564 arbitrarer.
477 511 608 578 igitur**)
619 520 648 564 et
657 514 691 566 ab
703 514 767 582 ipso.
779 515 881 568 aetatis
891 530 969 568 meae

172 577 308 644 principio
323 578 364 627 ita
376 573 537 628 studiorum
544 579 669 632 meatum
681 581 817 631 tationem
828 587 969 660 compara·
1068 613 1069 642 2

173 645 213 701 vi,
229 649 259 692 ut
270 643 445 695 exornandae
460 646 595 696 orationis
610 661 704 706 curam
721 661 884 698 cumrerum
894 662 968 698 tuve·

36 687 52 712 '
86 725 91 740 τ
172 707 968 789 ltigationeeoniung'erem,etposteaomnibus,quisein

173 772 347 838 disciplinam
362 773 430 825 mihi
444 777 592 840 dederunt,
603 778 761 842 erretur-fui,
772 786 802 830 ut
811 781 927 832 eandem
936 780 968 831 il·
1068 811 1069 824 r

172 837 228 889 iam
256 838 341 904 dam,
369 856 452 910 quam
476 845 640 910 praesertim
668 847 968 913 praestantissimorum

173 905 263 956 onmis
277 909 427 959 memoriae
443 907 584 962 hominum
602 912 740 980 signatam
753 919 836 980 atque
854 913 969 979 impres·

96 975 106 1000 ¹
171 971 232 1038 iant
250 973 375 1044 vestigiis
394 973 534 1040 viderent,
560 977 616 1044 ipsi
637 993 746 1046 quoque
771 983 831 1037 toto
854 987 969 1046 pectora

173 1035 302 1106 omnique
319 1041 403 1092 animi
421 1044 599 1096 contentione
617 1049 809 1112 sequerentur.
842 1045 970 1096 Animad-

172 1111 310 1157 verteram
319 1107 401 1171 enim,
412 1110 441 1160 et
452 1125 632 1178 eos,quoruns
643 1114 731 1162 omnis
741 1113 770 1168 in
781 1109 969 1162 concinnitate

76 1223 79 1232 ,
172 1186 270 1223 vocum
284 1177 314 1225 et
326 1173 354 1226 in
369 1175 461 1228 verbis
475 1183 605 1248 tanquam
618 1177 655 1230 ad
668 1193 792 1230 normam
805 1175 973 1244 dirigendisq

121 2217 124 2220 ,
171 2177 283 2214 consum

191 1239 354 1303 uadrandis,
377 1243 576 1312 componendis
596 1251 806 1296 consumeretur
822 1241 972 1306 industria,

172 1253 207 1355 ab
217 1305 265 1370 iis,
275 1307 374 1374 quibus
385 1323 447 1374 cor,
457 1317 488 1361 ut
498 1312 588 1374 aiunt,
599 1321 722 1376 saperet,
735 1317 767 1361 ut
776 1311 852 1362 leves
861 1305 970 1362 futiles·

172 1385 226 1440 que
236 1377 390 1438 contemni,
405 1381 524 1440 eteos,·
545 1376 573 1428 ui
583 1391 613 1426 se
623 1376 664 1426 ita
672 1377 781 1445 penitus
791 1389 883 1426 rerum
892 1371 969 1424 ison
1064 1391 1069 1400 ·

173 1439 279 1506 gationi
289 1441 479 1505 tradidissent,
484 1451 515 1494 ut
524 1393 558 1494 ἔτι
569 1438 754 1508 comparanda
762 1440 854 1490 laune
865 1437 968 1488 oratio·

173 1503 215 1554 nis
234 1507 407 1576 supellectile
425 1524 480 1560 non
495 1507 684 1568 laborassent,
700 1506 779 1570 quasi
794 1509 920 1569 agrestes
933 1514 968 1558 tte
1069 1519 1070 1522 ’

172 1569 307 1623 barbaros
319 1575 455 1691 Euosdam
468 1573 502 1624 ab
519 1573 645 1632 omnibus
663 1569 706 1622 ele
728 1570 866 1620 antiorum
879 1565 968 1622 homi.
1069 1609 1070 1616 ,

172 1641 319 1690 numcoeti
338 1656 412 1693 usne

171 1702 244 1754 blice
254 1721 351 1758 munus
363 1657 617 1772 illugadsignutum
629 1706 685 1763 est,
694 1699 788 1754 utiter
797 1701 878 1752 vobis
932 1717 970 1756 aa
990 1720 994 1725 ·

172 1771 265 1821 studia
282 1775 431 1838 praeirem,
454 1767 552 1834 quibos
565 1767 670 1818 exculti
679 1767 797 1832 reipubl.
816 1767 967 1836 aliquando
986 1789 1011 1832 χ

170 1851 251 1888 usum
266 1839 384 1902 aliquem
399 1833 499 1886 offerre
514 1833 646 1898 possetise
669 1834 762 1884 statim
777 1834 806 1886 id
819 1835 969 1888 consilium

172 1899 970 2032 tepiditatitaittilriiziitit:illitati·

101 2032 104 2038 '
170 2037 304 2102 protarer.
338 1982 434 2097 ltaqge
452 2032 570 2098 primus,
588 2039 619 2085 ut
635 2031 813 2097 meministis„
832 2049 920 2086 annus
937 2035 968 2084 in

171 2099 278 2164 aliquot
290 2096 423 2150 Verrinae
434 2099 619 2152 accusationis
632 2101 766 2152 librorum
780 2099 969 2168 explicatione

286 2167 348 2280 {tus
368 2169 423 2228 est3
449 2165 572 2218 secundo
595 2167 766 2230 dissidentes
787 2173 912 2219 veterum
930 2163 968 2218 da

171 2242 276 2280 summo
311 2244 364 2282 ono
379 2233 531 2284 sententias
545 2234 664 2302 quinque
676 2235 757 2286 libris
770 2232 911 2301 expositas
921 2245 968 2282 ac-

171 2301 266 2346 curate
283 2299 423 2366 persecuti
445 2315 551 2366 sumus3
578 2293 691 2362 tertium
710 2298 889 2352 Catilinariae
911 2297 970 2348 sibi

172 2361 314 2416 orationes
337 2365 523 2430 vindicarunt3
550 2365 604 2418 lioc
626 2375 719 2419 autem
742 2371 858 2434 quarto,
884 2378 969 2433 quem

170 2441 243 2480 nunc
252 2427 382 2483 felicibus
392 2433 563 2500 ingredimur
572 2434 718 2500 auspiciis,
732 2431 900 2500 quaerulus,
913 2433 968 2482 Au·
985 2492 989 2496 .

170 2495 287 2561 ditores,
299 2514 380 2566 quam
390 2501 551 2568 exquisitas,
563 2513 697 2568 quamque
707 2497 864 2568 praeclarae
874 2497 969 2550 avida·

208 2593 230 2648 ¹)
245 2592 326 2638 ratis·
336 2595 459 2639 ΝΜ.
474 2593 564 2638 aulai.

199 2652 230 2706 '')
244 2649 298 2694 vni.
309 2649 358 2695 cis.
367 2649 428 2694 Phil.
439 2653 471 2694 ll.
482 2653 515 2694 te.
525 2648 539 2702 θ
548 2653 583 2694 li.

432 1637 531 1690 udia'ri.
565 1635 640 1703 Ergo
651 1635 702 1686 sim
734 1641 828 1702 ¹utque
842 1633 910 1704 milri¹
937 1651 968 1690 n.
1069 1619 1070 1652 ³
