2156 3008
175 203 229 258 lfl
454 203 606 258 ORATIO
623 203 704 256 XIV.

215 284 270 340 ntis
281 289 458 340 caecitatem:
476 289 564 406 puori,
582 287 709 340 omnibus
727 284 852 340 humanis
865 287 973 342 auxiliis

190 361 283 408 rastra
291 354 418 416 tentatis,
428 362 476 404 tan
496 370 538 406 ern
548 356 642 408 dirino
651 355 787 409 beneflcio
799 355 888 405 luceru
899 371 973 422 aspe-

176 421 279 482 xisset,
289 419 354 498 iore
365 426 398 498 ut
408 421 501 500 populi
515 435 624 488 quoque
630 422 759 472 caecitas
773 421 850 496 nulla
859 420 975 473 bumana

177 486 976 622 ttrffititnittttnt?tititadtttulit?

114 622 119 634 “
178 619 299 672 Polouia
311 618 459 684 splendore
469 619 554 670 divini
565 619 675 671 lucrinis
684 621 824 671 illustrata
835 627 886 670 est.
920 619 974 670 No·

178 693 237 739 tunt
247 691 291 735 ent
300 691 404 746 autem,
418 686 554 736 interdum
565 687 639 748 heri,
653 693 684 738 ut
694 689 777 738 etiarn
788 686 973 751 superstitiosi
1059 729 1060 742 ,

178 757 209 804 et
215 751 292 817 impii
300 747 435 814 homines,
444 751 505 803 Deo
514 753 699 818 permittente,
709 768 776 803 vera
783 752 974 803 vaticinentur.
1059 759 1060 776 ¹

178 815 277 882 Neque
292 823 397 868 temere
409 817 527 869 inditum
541 833 655 870 nornen:
677 818 771 886 gladio
789 819 862 869 enirn
878 818 975 868 sibiet

178 883 238 962 cuis
251 883 368 964 gloriam
383 887 505 950 pepen't,
518 899 572 934 non
585 885 695 1001 puidenr
705 885 798 936 ferreo
812 890 861 936 aut
873 884 930 934 ulla
941 898 975 936 ex

179 949 236 1002 aba
245 955 361 1000 materia
370 950 509 1012 confecto,
522 951 571 1001 sed
581 967 599 1018 g
611 952 675 1002 adro
686 952 736 1002 rllo
748 952 874 1019 utrinque
885 957 976 1012 acuto,

179 1015 274 1134 ppudio
294 1016 421 1084 spiritus,
440 1017 527 1084 quod,
548 1024 578 1068 ut
591 1019 630 1068 ait
644 1018 790 1082 Parnaso,
808 1024 852 1068 est
863 1017 976 1068 verbum

208 1084 244 1132 ei,
278 1083 316 1134 Ut
338 1090 429 1134 autern
452 1083 486 1134 ab
510 1098 545 1134 ea
568 1085 702 1147 ecclesia,
730 1097 800 1151 quae
823 1089 976 1135 ceterarum
1060 1097 1061 1102 ¹

181 1151 302 1204 omniurn
317 1156 405 1200 mater
420 1165 453 1202 ac
467 1151 602 1218 magistra
618 1158 673 1214 eat,
695 1149 850 1202 christiane
868 1149 977 1200 rivendi

179 1215 259 1283 leges
270 1216 436 1283 acciperent,
447 1224 476 1268 et
485 1232 519 1268 ex
530 1232 564 1268 eo
575 1215 653 1270 fonte
663 1215 814 1280 haurirent,
827 1217 898 1270 unde
908 1213 979 1266 nihii

180 1297 236 1342 μοι
255 1298 352 1350 purum
371 1289 400 1334 et
417 1283 606 1350 incorruptum
620 1283 724 1336 hauriri
742 1289 849 1350 potest,
869 1282 978 1348 legatos
1042 1298 1045 1308 ’

180 1349 980 1410 irriseruntadlounnenri’ontiiieemeiunnoministertium
1061 1359 1062 1382 ¹

181 1413 330 1478 decianam,
345 1431 394 1483 per
404 1432 473 1486 quos
484 1423 596 1480 eteunr,
611 1423 641 1466 ut
654 1431 823 1467 communem
833 1417 921 1466 totius
935 1429 981 1464 ee·

181 1480 285 1534 clesiae
296 1491 443 1549 pastorem,
454 1489 660 1542 venerarentur,
671 1487 700 1530 et
707 1481 741 1529 ab
750 1494 783 1529 eo
792 1480 983 1543 sibipeterent

181 1549 331 1616 episcopos
340 1551 426 1610 mitti,
437 1563 454 1598 a
465 1548 563 1614 quibus
574 1547 647 1612 regi,
659 1553 687 1596 et
696 1557 766 1610 quae
776 1544 831 1592 sibi
840 1544 984 1596 credenda

181 1628 307 1682 quaeque
316 1613 445 1665 facientia
454 1617 557 1672 essent,
568 1624 738 1676 cognoscere
749 1609 904 1659 accuratius
914 1623 981 1674 pos·
1018 1621 1022 1629 ·

182 1687 253 1734 sent.
287 1681 367 1732 Misit
376 1679 423 1734 iiie
436 1677 566 1726 italorum
580 1674 719 1726 hominum
732 1681 874 1742 spectatae
886 1675 984 1740 probi-

181 1749 248 1799 tatis
259 1754 287 1797 et
296 1743 460 1812 eruditionis
470 1740 599 1798 idoneum
610 1755 762 1794 numerum:
785 1742 831 1822 qui
841 1741 922 1808 primi
932 1758 983 1794 no-

180 1813 270 1864 vellas
279 1811 342 1862 illan
353 1824 384 1860 ae
394 1813 503 1858 teneras
512 1822 599 1872 nuper
608 1809 636 1859 in
647 1807 729 1860 horto
738 1807 842 1860 Chrrsti
850 1809 984 1876 depactas

180 1893 217 1934 uc
237 1878 358 1930 consitas
375 1873 483 1940 plantas
503 1876 627 1942 copiosis
644 1884 801 1944 sanctorum
819 1883 984 1944 praecepto-

180 1959 243 1999 runt
265 1939 399 1996 imbribus
426 1942 586 2009 irrigarunt.
620 1943 711 1996 Huius
733 1943 873 1999 Miccisiai
899 1955 985 1994 soror

125 2069 129 2077 ι
180 2007 310 2070 hdieido,
333 2022 395 2060 cunr
410 2007 527 2071 Geisue,
549 2011 723 2078 Ungarorunr
742 2011 874 2078 principi,
897 2012 985 2074 ndpta

182 2082 272 2140 esset,
285 2071 524 2128 cohortationibus
537 2077 596 2130 ouis
608 2078 739 2148 perfecit,
754 2084 785 2129 ut
798 2078 857 2144 ipse
870 2091 984 2142 quoquo

183 2157 246 2194 curn
266 2147 327 2194 tota
346 2141 469 2210 Ungaria
487 2141 591 2196 Christi
612 2151 786 2198 sacramento
811 2143 987 2209 adigeretur,

182 2207 279 2276 Neque
296 2224 363 2262 vero
383 2211 443 2262 eius
461 2210 535 2263 tilius
547 2212 695 2265 Boleslaus
732 2213 829 2274 rinrue,
846 2208 985 2260 Potoniae

182 2291 247 2339 rex,
261 2283 310 2328 aut
322 2277 472 2330 maioribus
486 2279 543 2330 suis
557 2279 638 2330 laude
651 2278 765 2339 beilrca,
782 2283 829 2328 aut
839 2277 910 2344 patri
920 2287 986 2341 prn-

183 2343 326 2413 pagandne
340 2345 486 2412 religionis
503 2345 596 2396 studio
613 2346 706 2396 cessit:
729 2345 776 2424 qui
790 2349 921 2458 suscepto
936 2340 987 2392 ad·

183 2426 280 2464 vernus
292 2411 417 2464 Saxones
428 2411 516 2472 bello,
527 2417 556 2460 et
564 2425 610 2474 ea,
622 2426 692 2478 quae
702 2411 745 2462 tlh
755 2411 855 2460 dudum
891 2406 987 2458 olonis

185 2479 357 2542 ademerant,
379 2477 568 2544 recuperavit,
587 2475 623 2528 'et
644 2493 706 2530 curn
728 2478 885 2527 universam
906 2473 989 2523 iilam

185 2559 263 2600 oram
282 2545 317 2598 ad
335 2543 425 2596 Albim
444 2549 473 2594 et
493 2541 585 2594 Salam
604 2541 718 2606 duvios,
739 2548 768 2593 et
781 2539 990 2592 Chersonesum

184 2710 199 2755 ν
208 2663 243 2755 3¹)
257 2659 410 2766 ὁΕραιξσΕῦρΙι.
418 2657 460 2712 Vl,
467 2659 500 2701 li.
512 2657 604 2710 δέξασθι
614 2677 638 2690 ·-
645 2656 684 2710 τὴν
693 2651 805 2708 μέμψιν
814 2653 852 2696 τοῦ
860 2649 991 2700 meditatae.

218 2731 251 2758 css
271 2729 298 2765 ημ
350 2729 360 2755 ο
377 2738 383 2752 .
