2154 3002
190 229 221 281 lt
491 231 642 284 ORATIO
659 231 680 284 1.

146 371 148 375 -
187 338 248 384 ctus
259 333 375 395 aninrus,
385 338 559 398 utnusquam
569 331 680 382 suavius
701 343 781 398 quarn
790 333 819 383 iu
829 331 873 385 hia
883 333 985 386 studiis
1068 337 1069 348 ¹

188 399 379 466 conquiescat!
398 413 453 450 non
474 407 522 449 cos
544 405 593 449 aut
607 399 729 450 inanium
748 399 913 468 dignitatum
936 408 984 450 aut

188 463 323 532 fluxarum
347 479 427 532 opum
450 464 542 532 adurit
560 465 634 515 sitis:
664 481 722 516 non
742 479 792 516 cos
811 467 984 534 voluptatum

188 531 338 582 illecebrae
357 531 496 582 molliunt:
513 528 596 583 liberi
615 537 643 582 et
655 534 747 598 pravis
766 532 892 584 omuibus
909 533 983 600 cupi·

125 611 127 618 ’
188 597 320 648 ditatibus
331 599 429 661 soluti,
446 613 481 650 ex
492 599 542 650 illo
557 600 672 666 perenni
683 606 769 665 puteo
782 613 881 666 aquarn
896 606 984 650 aetar-
1021 645 1026 651 .
1068 663 1069 666 Ἴ

121 697 124 702 -
183 679 238 712 nae
251 661 322 715 litae
339 664 508 716 effectricem
523 664 665 718 hauriunt:
684 680 718 717 ex
731 666 787 718 illis
800 671 935 734 perpetuo
945 667 984 716 vi·

187 729 311 781 rentibus
322 734 424 798 caurpis
436 731 519 784 liores
530 733 710 788 suavissimos
721 732 867 800 colligunt,
879 744 914 783 er
926 731 984 799 qni·
1039 739 1043 744 '

188 798 239 846 bus
253 797 301 863 qui
314 797 415 850 odores
430 797 568 862 cillantur,
583 813 679 850 eorum
693 815 747 851 nun
768 815 830 851 uam
846 804 890 850 est
900 801 985 849 inter·

188 863 323 914 moritura
344 866 476 919 suavius:
504 865 565 917 Deo
585 868 721 927 serviunt,
742 815 804 917 fleo
824 865 984 924 adhaerent,

189 929 249 980 eius
259 935 365 984 tantum
376 932 483 998 gloriae
493 933 678 996 velificantur,
693 941 727 984 eo
742 933 884 995 fruuntur,
902 939 984 998 qaae*

152 1057 154 1062 Ι
190 1009 242 1064 quc
254 995 319 1048 olim
329 998 410 1065 plene
422 1001 578 1068 percepturi
593 1006 656 1051 sunt
671 1000 785 1068 gaudia,
799 1013 833 1050 ea
844 1000 900 1050 iam
913 1012 985 1048 nunc

188 1069 280 1114 mente
301 1077 334 1135 ας
355 1066 525 1132 cogitatione
544 1067 708 1134 percipiunt.
743 1067 818 1134 Ergo
836 1066 894 1115 sive
909 1063 986 1114 dorni

189 1131 248 1181 sire
262 1129 333 1183 foris
344 1140 499 1197 versentur,
511 1141 576 1186 'cum
586 1134 648 1186 Deo
659 1133 769 1184 assidue
780 1131 984 1197 colloquuntur,

189 1197 247 1248 sive
261 1201 403 1266 prosperis
417 1215 508 1252 rerum
528 1207 641 1252 utantur
652 1201 839 1260 successibus,
853 1197 943 1248 cidem
953 1201 986 1246 ut

189 1267 382 1332 prosperitatis
401 1283 469 1330 suae
489 1270 597 1320 auctori
611 1270 714 1336 gratias
731 1273 827 1334 agunt:
846 1267 904 1317 sive
918 1261 985 1329 quid

190 1333 230 1382 eis
250 1334 359 1385 aduersi
371 1335 485 1398 accidit,
501 1337 666 1402 (quanquam
682 1332 748 1400 quid
766 1331 902 1384 eiusmodi
916 1329 984 1378 viris

189 1399 315 1452 accidere
327 1401 436 1452 adversi
450 1403 549 1469 queatl
575 1401 624 1452 sed
634 1407 725 1450 tamen
742 1399 844 1465 siquid
858 1399 898 1448 eis
912 1394 984 1443 acci·
1068 1445 1069 1472 i

189 1465 229 1517 dit
240 1481 334 1518 earum
344 1482 444 1529 rerum,
457 1483 524 1536 quas
530 1459 632 1580 'culpus
643 1464 773 1516 adversas
783 1464 983 1524 vocat,)nequa

187 1533 379 1600 indignantur,
394 1548 483 1600 neque
499 1534 578 1584 couci
600 1538 648 1581 unt
657 1532 767 1590 animis,
779 1529 831 1588 jsed
845 1524 934 1598 verbo
942 1523 982 1576 di·

126 1611 133 1629 .
188 1600 251 1650 vino
263 1615 326 1650 sese
337 1601 469 1660 solantes,
478 1598 609 1664 quidquid
620 1595 701 1646 aDeo
712 1595 876 1654 immittitur,
884 1593 983 1644 summi
1013 1621 1016 1625 ·

187 1663 316 1718 beneficii
333 1667 404 1716 loco
419 1663 572 1720 habendum
591 1675 653 1712 csse
675 1660 786 1712 ducunt.
822 1659 877 1710 Pro
891 1657 982 1709 Deum

186 1731 380 1782 immortalemi
397 1731 522 1797 quidest,
533 1732 557 1779 si
567 1726 620 1779 hoc
631 1733 746 1788 nonest,
757 1725 878 1796 feliciter
887 1725 982 1793 vivere
1068 1745 1069 1764 r

188 1799 253 1848 etin
263 1799 346 1849 terris
359 1797 443 1849 vitam
457 1795 621 1846 coelestium
636 1793 757 1845 imitarii
775 1793 886 1845 Onitae
902 1791 981 1844 theo·
1068 1815 1069 1854 p

187 1865 264 1930 logia
276 1863 343 1926 dux,
359 1863 517 1915 ouiitutum
528 1865 648 1913 omnium
658 1874 771 1927 parens„
791 1861 920 1913 vitiorum
935 1873 980 1911 ex·
1055 1867 1069 1904 5

186 1931 296 1995 pultrix‚
309 1933 460 1983 animorum
470 1925 626 1981 liberati-iul
645 1929 711 1996 quid
723 1929 821 1980 sinete
831 1942 886 1990 nou
895 1926 979 1978 modo

98 2015 100 2019 ·
185 1994 917 2064 nos,sedomuinovitahominumesaepotuisseti*)
936 1995 980 2044 Tu
1016 2019 1018 2024 ·
1068 1995 1069 2052 ζ

185 2062 348 2126 depravatas
359 2063 550 2129 impurissimis
561 2063 737 2131 opinionibus
752 2061 893 2115 hominum
905 2073 978 2112 men·

183 2135 228 2178 tes
242 2127 319 2179 velut
332 2131 367 2181 de
381 2129 491 2198 integro
505 2129 693 2197 interpolanti:
716 2135 747 2181 tu
762 2130 911 2181 distractos
924 2125 978 2175 dis-

184 2194 346 2262 sipatosque
374 2197 458 2250 variis
485 2197 625 2251 idolorum
653 2198 773 2262 cultibus
801 2195 926 2247 homiues
949 2193 979 2242 in
1010 2249 1014 2254 ¹

184 2261 265 2311 uarius
288 2276 371 2313 verae
393 2265 538 2332 religionis
562 2265 723 2316 societatem
748 2259 919 2314 convocasti:
946 2263 978 2309 tu
1068 2297 1069 2302 ,

184 2329 318 2394 nragistra
336 2345 443 2382 morum
458 2347 490 2383 ac
504 2331 667 2398 disciplinae
682 2330 771 2382 fuisti:
790 2343 821 2379 ac
834 2325 920 2377 veluti
934 2323 980 2376 soi
1068 2339 1069 2346 ¹

185 2395 314 2446 exoriens
333 2397 611 2466 nubium-caliginem
635 2399 765 2464 ussipat,
783 2393 870 2444 veluti
892 2391 978 2454 sidus,

159 2516 162 2528 s
185 2461 259 2528 quod
272 2462 396 2518 Castoris
410 2472 438 2516 et
450 2465 574 2520 Pollucis
588 2465 700 2526 dicitur,
719 2467 819 2514 exortu
831 2475 882 2512 suo
895 2459 978 2526 maris

185 2529 289 2582 rabiem
306 2531 399 2607 placat
415 2538 649 2601 tempestatesque
671 2529 809 2598 dispellit3
827 2529 867 2580 ita
885 2533 916 2578 tu
939 2525 978 2577 di·

212 2635 233 2686 ⁸)
251 2632 299 2676 Cic.
316 2629 386 2675 Tuae.
405 2630 434 2674 V.
444 2635 465 2674 2²..
476 2632 496 2684 ς’.
507 2637 528 2676 5.
547 2617 647 2674 linitae*
658 2627 805 2685 philosophia
821 2625 878 2671 dria!
904 2641 917 2668 o
932 2627 977 2668 rir-
1068 2623 1069 2632 ¹

134 2679 140 2693 ⁵
185 2687 241 2729 tutis
258 2687 389 2742 indagatrix
408 2686 574 2744 expultrixque
593 2688 709 2730 vitiorum!
733 2685 787 2740 quid
800 2684 977 2738 nnnmorlonoa,

112 2765 119 2774 ·
186 2745 225 2786 aad
236 2747 325 2788 omniuo
335 2747 382 2789 vita
392 2745 504 2791 boninum
515 2746 563 2788 aine
574 2748 596 2787 te
607 2755 656 2786 aare
667 2742 789 2798 potuiaaetl
