2146 3008
190 191 239 242 ala
491 183 645 236 ORATIO
662 182 728 238 XX.

222 289 260 341 Ut
272 284 467 340 autemdivino
483 285 725 349 consilio,vest1is
741 280 895 354 suffragiis,
905 286 986 342 inPii

190 357 289 420 Quarti
303 356 395 406 locum
409 352 542 404 suffectus
556 359 612 415 est,
624 358 703 409 tanta
715 353 809 420 subito
823 354 931 404 exstitit
939 354 985 406 bo·

189 439 288 474 norum
303 422 433 472 alacritas
447 426 477 470 ct
486 419 649 483 exsultatio,
662 425 741 469 tanta
749 419 937 485 improborum
947 420 986 472 fu·

191 505 229 558 ga
238 497 266 541 et
275 488 440 554 trepidatio,
451 494 483 538 ut
492 501 581 552 neque
590 486 633 536 illi
643 486 790 554 quidquam
801 484 855 536 sibi
867 489 985 553 optatius

189 557 315 623 potuisse
329 555 504 618 contingere,
518 567 608 620 neque
621 551 650 604 hi
663 553 800 620 uspiam*)
816 567 847 603 se
859 553 915 604 iam
927 559 985 604 tuto

189 636 274 686 posse
286 621 439 672 consistere
455 620 661 670 arbitrarentur.
697 619 818 669 Cernere
830 626 890 670 crat
899 619 986 671 bonos

190 685 294 739 hilares
305 693 334 738 et
344 693 467 746 erectos3
479 689 575 736 tristes
584 683 726 752 improbos
737 691 765 736 et
774 686 911 746 abiectum
923 686 986 737 illos
1006 723 1009 729 .

211 754 293 805 audio
307 749 522 817 triumphantes,
542 749 595 803 hos
609 752 643 803 de
656 753 857 803 consciscendo
872 752 925 802 sibi
941 767 987 802 vo·

190 771 312 872 fumario
323 819 424 871 exsilio
436 818 554 870 consilia
562 821 635 870 inter
644 833 674 870 se
686 821 932 883 communicantem
945 818 989 870 illi

191 887 359 954 gratulatum
368 886 404 936 ad
413 885 516 953 templa
526 885 720 950 convolabant,
742 883 772 936 hi
788 891 928 952 aspectum
941 884 989 936 lto·

126 995 128 1000 ,
190 956 294 1005 ntinum
307 953 451 1022 lucemque
465 953 600 1016 vitabant;
618 953 684 1004 illos
698 953 824 1005 sublatos
834 954 862 1002 in
872 951 991 1016 coelum,

127 1023 129 1028 ’
191 1020 243 1072 hos
263 1021 425 1072 amandatos
444 1018 518 1070 inira
535 1026 636 1070 terram
657 1026 778 1086 putares.
813 1018 910 1086 Neque
923 1033 992 1070 vero

189 1089 286 1140 multis
302 1088 402 1140 edictis
416 1092 464 1137 aut
476 1087 688 1154 programmatis
702 1102 771 1154 opus
781 1085 835 1138 fuit
848 1087 884 1138 ad
897 1091 990 1152 pestes
1009 1085 1012 1095 “

193 1155 325 1222 quasdam
338 1153 476 1206 hominum
493 1167 528 1204 ex
541 1151 609 1206 urbe
625 1154 778 1220 pellendas.
812 1153 850 1204 Ut
868 1153 913 1204 sol
925 1167 990 1203 exo-

190 1225 267 1274 riens
285 1223 399 1272 nebulas
417 1221 536 1284 disiicit,
554 1229 585 1272 ut
597 1227 696 1272 ventus
709 1235 800 1272 aream
814 1225 927 1288 purgat,
950 1220 991 1270 ita

191 1304 293 1340 nomen
305 1290 396 1356 ipsum
409 1289 474 1339 novi
486 1287 631 1339 Pontificio
646 1286 792 1356 dissipavit
806 1287 947 1354 improbos
962 1291 991 1336 et

189 1354 990 1421 urbemtetraillaimpurorumhominumcolluvionepur·
1058 1365 1059 1372 ¹

192 1426 277 1491 gavit.
312 1424 370 1473 lam
383 1423 481 1489 inipso
492 1421 660 1472 Pontificstu
674 1421 762 1487 qualis
778 1420 876 1482 luerit,
891 1420 991 1486 siquis

191 1490 321 1542 subtilius
330 1490 473 1554 requirere
482 1489 622 1548 instituat,
632 1489 672 1537 ita
681 1487 815 1550 reperiet,
825 1487 920 1536 multis
931 1500 993 1536 sac-

193 1557 263 1608 culis
274 1555 378 1605 nullum
388 1553 552 1604 Pontificem
564 1552 664 1611 luisse,
680 1555 726 1616 qui
740 1550 775 1599 ad
787 1559 898 1600 veteres
913 1553 993 1616 illos,

193 1622 378 1689 sylvestrum,
391 1618 570 1683 Gregorium,
582 1617 705 1665 Leonem
716 1614 894 1678 eiusdemque
906 1633 996 1681 geno·

190 1689 230 1739 ris
241 1688 321 1746 alios,
331 1684 442 1734 vivendi
452 1682 560 1731 ratione
571 1688 599 1731 et
609 1679 808 1730 consuetudine
819 1681 934 1745 propius
946 1698 996 1735 ac·

192 1753 317 1804 cessarit.
352 1747 473 1798 Primum
484 1746 566 1809 eninr,
577 1748 600 1797 si
611 1745 718 1812 privata
728 1752 755 1798 et
764 1745 919 1797 donrestica
929 1763 995 1816 spe.

192 1825 308 1876 stemus,
323 1814 438 1865 eandem
449 1813 477 1862 in
487 1812 563 1864 nictu
574 1814 703 1881 cultuque
713 1813 910 1882 parsimoniam
926 1819 994 1868 reti·

116 1945 118 1948 ¹
191 1886 261 1944 nuit,
277 1881 374 1949 quibus
391 1896 409 1932 a
420 1879 601 1948 principio**)
617 1891 660 1945 se,
675 1896 737 1933 cum
750 1880 839 1932 adhuc
852 1882 880 1931 in
895 1897 994 1934 mona·

191 1949 279 2014 sterio
302 1954 391 2012 esset,
419 1948 628 2001 assuefecerat
652 1949 756 2001 Eadem
769 1949 879 2000 ,ieiunia
902 1955 992 2011 erant,

191 2010 306 2070 eaedem
314 2030 422 2082 preces,
430 2016 527 2070 eadem
538 2018 618 2068 statie
627 2019 691 2068 anni
698 2016 868 2083 temporibus
879 2015 992 2067 noeriis

191 2085 316 2136 ciborum
326 2086 474 2152 generibus
488 2083 667 2147 abstinentia,
683 2086 779 2135 eadem
791 2083 935 2134 interioris
946 2095 992 2134 ve·

191 2153 273 2204 stitus
288 2154 437 2220 asperitas3
455 2167 545 2219 neque
560 2153 711 2222 quisquam
722 2165 840 2216 unquam
857 2150 992 2215 intempe·
1058 2203 1059 2222 ἢ

190 2225 338 2272 ranstanto
350 2219 442 2272 studio
453 2220 609 2286 voluptates
617 2220 741 2284 corporis
752 2223 928 2268 consectatus
938 2219 992 2275 est,
1058 2241 1059 2278 ,

192 2295 294 2354 quanto
313 2287 362 2340 illc
386 2301 433 2338 eas
451 2293 585 2354 perpetuo
608 2285 772 2351 repudiavit.
807 2283 992 2356 lmmo‘vcro,
1058 2285 1059 2340 ἲ

192 2369 306 2422 quarum
315 2354 452 2404 ecclesiae
460 2351 688 2404 constitutionum
697 2357 810 2418 propter
819 2354 993 2400 senectutem

191 2428 239 2472 aut
250 2429 364 2488 propter
383 2420 601 2472 imbecillitatem
620 2417 745 2484 corporis
765 2417 857 2484 gratia
870 2416 994 2483 plerum·

191 2501 243 2554 que
261 2487 421 2555 petentibus
440 2485 501 2536 lieri
520 2485 606 2548 solet,
624 2484 660 2536 iis
680 2489 710 2535 ut
728 2485 788 2551 ipse
808 2482 992 2544 resolveret,

214 2585 247 2640 “”)
266 2583 393 2643 Dicemlum
403 2588 562 2642 eratuspunm.

189 2710 205 2738 a
215 2641 348 2754 grimlcssiplpps
363 2646 410 2691 est,
424 2641 485 2696 quoti
496 2641 598 2686 Muretus
611 2641 635 2686 iu
647 2653 717 2696 marr.
727 2638 824 2684 Aldinae
834 2639 937 2693 reponit,
954 2636 994 2682 eui
