2146 3008
354 149 506 205 ORATIO
523 149 589 204 XX»
741 142 753 202 ss
826 148 875 202 2⁰⁹
902 167 916 187 ι’

72 251 181 320 patriae
196 249 366 313 claritatem,
387 265 468 318 quem
483 252 567 304 etiam
580 251 690 318 quidem
704 261 739 304 ex
752 251 811 304 illis
821 254 877 318 pri-

72 334 147 370 mam
164 324 272 382 partem
290 316 437 370 felicitatis
457 332 519 369 esse
541 319 683 382 dixerunt,
701 318 877 370 nobilitatem

72 385 199 454 generis,
216 398 283 449 opes
294 399 328 434 ae
339 387 448 449 copias,
463 398 497 434 ea
506 399 571 452 nos,
584 385 694 436 etiamsi
705 397 770 434 rere
784 399 816 434 ac
830 400 875 434 eo·

71 449 191 518 pioseid
201 449 295 502 lucere
306 445 459 517 possemu's,
470 453 499 502 iu
508 451 573 504 talis
583 457 676 502 tamen
686 451 738 502 riri
748 451 876 504 laudibus
920 480 924 484 .

73 517 244 576 numeranda
257 531 314 567 non
328 517 469 572 ducemus.
506 517 608 577 Quanti
624 515 693 568 hacc
703 518 770 580 sint,
785 517 875 568 deciass

72 583 146 634 revit
154 583 215 647 ipse
226 580 365 644 Christus,
376 584 435 649 qui,
446 585 533 634 totius
545 584 620 634 orbis
631 583 767 645 donrinus,
779 583 876 634 obscu-

73 663 135 700 rum
149 656 177 699 et
191 653 255 700 ente
266 649 298 700 id
306 655 362 699 tem
382 664 414 700 us
429 650 581 715 ignobilem
593 665 703 716 pagum,
718 651 747 700 in
761 665 815 716 quo
830 665 876 700 nu·

11 709 13 722 '
74 720 215 775 sectetur,
236 714 331 780 elegit.
379 729 443 781 ¹eus
456 721 486 765 et
498 715 552 766 Dei
567 716 653 776 lilius,
668 715 747 766 faber
761 723 790 768 et
803 715 876 768 labri

74 781 149 833 iilius
161 779 257 830 baberi
266 781 367 844 uoluit3
385 795 436 832 rex
448 781 581 842 oninium,
592 783 621 832 in
632 797 752 848 paupere
762 785 875 850 tugurio

74 853 170 905 natus,
184 861 239 896 non
253 845 350 899 babuit
361 848 409 898 ubi
421 847 571 904 reclinaret
585 855 676 910 caput.
710 849 796 899 lmmo
807 863 875 900 vero

73 914 98 965 ii
111 912 219 964 demum
235 912 352 978 gloriosi
370 911 438 964 mibi
455 918 566 1028 praeter
584 920 694 964 ceteros
714 921 795 980 atque
812 916 877 965 illu·

75 985 148 1032 stres
166 978 308 1040 videntur,
328 979 437 1030 etiamsi
475 993 525 1028 aec
540 975 718 1030 humanarum
736 981 876 1040 rationum

74 1045 222 1099 momentis
243 1045 399 1110 expendere
417 1045 518 1107 libeat,
539 1046 587 1110 qui
599 1043 661 1096 Deo
681 1051 787 1096 tuntum
809 1047 877 1098 freti

77 1127 125 1175 ea,
140 1125 210 1178 quae
223 1112 296 1164 inter
309 1109 436 1164 homines
450 1126 556 1162 summa
566 1109 713 1174 habentur,
732 1113 793 1162 siue
809 1111 890 1163 ullisx

76 1176 214 1246 eiusmodi
235 1178 395 1242 praesidiis,
425 1193 476 1229 sua
499 1178 553 1233 sibi
575 1181 677 1230 uirtute
699 1187 876 1245 pepererunt.

75 1245 206 1296 Pulcrum
219 1251 263 1296 est
273 1246 345 1295 enim
355 1245 396 1296 ita
405 1243 558 1308 abundare,
572 1251 603 1298 ut
615 1245 718 1296 nemini
728 1245 876 1311 quidquam
946 1304 949 1318 s

11 1359 12 1364 ,
77 1311 192 1381 debeam
209 1311 250 1360 ita
261 1311 402 1362 illustrare
415 1311 500 1374 alios,
520 1318 551 1364 ut
563 1311 633 1362 nibil
645 1313 703 1378 ipse
718 1312 876 1378 splendoris
959 1369 961 1373 ,

75 1393 110 1428 ac
124 1376 258 1428 claritatis
274 1376 307 1428 ab
323 1377 386 1428 allis
395 1383 535 1430 mutuatus
547 1393 609 1431 csse
621 1377 731 1430 dicaris.
767 1377 822 1430 Sed
833 1375 876 1429 bis

76 1443 203 1505 omissis,
220 1458 290 1510 quae
308 1458 418 1560 semper
437 1445 658 1511 sapientissimus
675 1446 791 1512 quisquc
811 1459 876 1494 eou-

75 1510 259 1576 tempsit,iam
268 1511 367 1576 quasit
387 1525 514 1562 esaurum
523 1513 658 1578 quendum
668 1525 759 1563 rerum
769 1510 876 1577 pulcer·

75 1579 208 1632 tiniarum
224 1591 256 1626 uc
269 1578 531 1642 pretiosissimarum
546 1580 674 1646 aperiens
686 1576 876 1644 spectandum·

11 1701 12 1704 Ἴ
78 1659 132 1712 que
142 1657 313 1710 proponens,
328 1645 453 1695 evolvam
468 1651 496 1696 et
509 1646 652 1711 explicabo
662 1660 729 1696 vera
738 1645 789 1696 ille
798 1652 827 1695 et
837 1643 876 1694 di-

11 1743 18 1758 „
77 1712 143 1762 rina
153 1711 241 1771 bona,
260 1725 330 1775 quae
345 1712 541 1777 semperillum
553 1713 635 1764 bonis
648 1711 807 1774 amabilem,
827 1710 876 1760 im·

78 1777 173 1845 probis
184 1775 402 1840 formidabilem,
414 1779 539 1842 utrisque
550 1779 740 1842 admirabilem
749 1775 877 1830 reddide-

77 1848 151 1894 runt.
185 1843 240 1904 Qui
253 1844 347 1895 statim
360 1845 466 1909 abipso
481 1845 602 1894 ineuntis
616 1847 715 1897 aetatis
729 1845 877 1910 principio,

80 1925 142 1961 cum
160 1910 296 1962 ccdirino
312 1911 414 1962 lunrine
429 1909 608 1961 collustratus
625 1918 655 1962 et
667 1911 832 1975 domestica,
846 1915 878 1962 ut

80 1975 214 2028 credibile
235 1983 289 2039 est,
302 1975 478 2029 institutione
493 1977 741 2040 courmonelactus,
759 1980 809 2042 iis,
829 1976 876 2043 qui

78 2043 109 2094 in
121 2039 234 2094 sacculo
250 2044 397 2106 virerent,
408 2041 549 2096 difficilem
565 2057 627 2092 esse
640 2045 668 2092 in
684 2045 792 2096 eoelum
804 2047 877 2096 riam

78 2108 244 2172 iudicasset,
259 2111 379 2175 impulsu
391 2112 504 2177 spiritus
520 2108 609 2160 saneti
622 2107 695 2174 fugit
708 2125 723 2161 e
737 2111 876 2176 patricin-

79 2173 179 2226 feriori
192 2190 225 2226 ec
238 2177 379 2239 terrestri,
393 2184 423 2228 ut
436 2175 584 2238 Abrabam3
602 2175 710 2241 iterque
724 2177 794 2229 illud
810 2177 876 2228 urri-

79 2242 154 2308 puit,
165 2242 237 2307 quod
249 2243 284 2292 ad
293 2243 370 2293 illam
379 2242 550 2308 superiorem
560 2256 593 2292 ac
603 2241 754 2293 coelestem
763 2243 876 2295 tenden·
890 2289 893 2304 ,

79 2308 103 2358 ti
120 2310 208 2359 tutius
225 2315 309 2374 atque
327 2309 483 2375 expeditius
499 2323 561 2362 esse
576 2308 774 2374 intelligebat·
793 2311 877 2376 Fugit

79 2380 112 2424 ut
121 2372 205 2437 Loth,
215 2389 304 2442 neque
314 2381 378 2441 post
385 2382 493 2442 tergum
500 2377 633 2442 respexit,
644 2390 705 2425 cum
714 2375 808 2438 sciret,
818 2390 877 2438 eos,

81 2442 140 2506 qui,
166 2456 248 2492 manu
266 2442 302 2493 ed
320 2448 441 2492 aratrum
459 2457 493 2509 ap
514 2443 598 2504 osita,
620 2443 772 2508 respiciunt
791 2447 878 2502 retro,

80 2513 161 2572 aptos
178 2521 232 2556 non
244 2521 306 2566 csse
320 2509 355 2558 ad
368 2521 482 2574 regnum
521 2511 555 2560 ci.
590 2509 674 2575 Fugit
691 2515 723 2559 ut
735 2506 831 2569 iacob,
850 2513 887 2571 ct,

80 2576 110 2626 in
121 2587 155 2624 ea
170 2573 278 2624 demum
294 2581 371 2626 terra
387 2575 557 2642 conquievit,
575 2576 605 2626 in
620 2591 674 2642 que
691 2575 762 2626 vidit
778 2572 877 2636 scalas,

79 2656 132 2712 per
143 2655 210 2707 quas
221 2640 277 2690 itur
286 2641 314 2690 in
327 2639 445 2692 coelum.
479 2641 565 2694 Dedit
580 2643 651 2694 euim
666 2656 766 2694 nomeu
778 2641 807 2692 in
820 2638 878 2690 lau·
939 2686 943 2702 ,

118 2710 252 2760 Murram
272 2707 373 2758 Ouur.
650 2710 673 2758 0
