<?xml version="1.0" encoding="UTF-8"?>
<!DOCTYPE html PUBLIC "-//W3C//DTD XHTML 1.0 Transitional//EN"
    "http://www.w3.org/TR/xhtml1/DTD/xhtml1-transitional.dtd">
<html xmlns="http://www.w3.org/1999/xhtml" xml:lang="en" lang="en">
 <head>
  <title>
</title>
<meta http-equiv="Content-Type" content="text/html;charset=utf-8" />
  <meta name='ocr-system' content='tesseract 3.04.00' />
  <meta name='ocr-capabilities' content='ocr_page ocr_carea ocr_par ocr_line ocrx_word'/>
</head>
<body>
  <div class='ocr_page' id='page_1' title='image "./mantoniimuretie00muregoog_0190.png"; bbox 0 0 2156 3008; ppageno 0'>
   <div class='ocr_carea' id='block_1_1' title="bbox 313 99 1011 212">
    <p class='ocr_par' dir='ltr' id='par_1_1' title="bbox 313 92 1011 212">
     <span class='ocr_line' id='line_1_1' title="bbox 313 99 1011 212; baseline -0.04 4"><span class='ocrx_word' id='word_1_1' title='bbox 313 117 321 134; x_wconf 31' lang='grc' dir='ltr'>ἵ</span> <span class='ocrx_word' id='word_1_2' title='bbox 382 155 535 212; x_wconf 79' lang='lat' dir='ltr'>ORATIO</span> <span class='ocrx_word' id='word_1_3' title='bbox 552 153 618 208; x_wconf 83' lang='lat' dir='ltr'><strong>XV.</strong></span> <span class='ocrx_word' id='word_1_4' title='bbox 849 151 900 203; x_wconf 73' lang='lat' dir='ltr'><strong>lii-&#39;s</strong></span> <span class='ocrx_word' id='word_1_5' title='bbox 995 99 1011 122; x_wconf 59' lang='lat'><strong><em>¹</em></strong></span> 
     </span>
    </p>
   </div>
   <div class='ocr_carea' id='block_1_2' title="bbox 29 249 982 2524">
    <p class='ocr_par' dir='ltr' id='par_1_2' title="bbox 29 249 982 2524">
     <span class='ocr_line' id='line_1_2' title="bbox 100 249 904 334; baseline -0.035 -8"><span class='ocrx_word' id='word_1_6' title='bbox 100 273 220 334; x_wconf 85' lang='lat' dir='ltr'><strong>animum</strong></span> <span class='ocrx_word' id='word_1_7' title='bbox 235 264 270 316; x_wconf 91' lang='lat' dir='ltr'><strong>ad</strong></span> <span class='ocrx_word' id='word_1_8' title='bbox 283 265 328 315; x_wconf 90' lang='lat' dir='ltr'><strong>ius</strong></span> <span class='ocrx_word' id='word_1_9' title='bbox 342 261 424 313; x_wconf 81' lang='lat' dir='ltr'><strong>civile</strong></span> <span class='ocrx_word' id='word_1_10' title='bbox 436 257 543 326; x_wconf 90' lang='lat' dir='ltr'><strong>appuli,</strong></span> <span class='ocrx_word' id='word_1_11' title='bbox 564 255 593 308; x_wconf 78' lang='lat' dir='ltr'><strong>et</strong></span> <span class='ocrx_word' id='word_1_12' title='bbox 605 255 641 306; x_wconf 91' lang='lat' dir='ltr'><strong>iis</strong></span> <span class='ocrx_word' id='word_1_13' title='bbox 656 249 838 314; x_wconf 78' lang='lat' dir='ltr'><strong>doctoribus,</strong></span> <span class='ocrx_word' id='word_1_14' title='bbox 852 251 904 318; x_wconf 90' lang='lat' dir='ltr'><strong>qni.</strong></span> 
     </span>
     <span class='ocr_line' id='line_1_3' title="bbox 99 319 903 393; baseline -0.031 -1"><span class='ocrx_word' id='word_1_15' title='bbox 99 347 159 392; x_wconf 87' lang='lat' dir='ltr'><strong>tum</strong></span> <span class='ocrx_word' id='word_1_16' title='bbox 172 336 230 386; x_wconf 91' lang='lat' dir='ltr'><strong>illis</strong></span> <span class='ocrx_word' id='word_1_17' title='bbox 242 333 271 383; x_wconf 90' lang='lat' dir='ltr'><strong>in</strong></span> <span class='ocrx_word' id='word_1_18' title='bbox 285 330 357 381; x_wconf 87' lang='lat' dir='ltr'><strong>locis</strong></span> <span class='ocrx_word' id='word_1_19' title='bbox 378 327 475 393; x_wconf 87' lang='lat' dir='ltr'><strong>optimi</strong></span> <span class='ocrx_word' id='word_1_20' title='bbox 490 325 667 392; x_wconf 85' lang='lat' dir='ltr'><strong>putabantur,</strong></span> <span class='ocrx_word' id='word_1_21' title='bbox 686 334 783 374; x_wconf 84' lang='lat' dir='ltr'><strong>annus.</strong></span> <span class='ocrx_word' id='word_1_22' title='bbox 793 319 903 384; x_wconf 80' lang='lat' dir='ltr'><strong>aliquot</strong></span> 
     </span>
     <span class='ocr_line' id='line_1_4' title="bbox 101 392 901 472; baseline -0.031 -14"><span class='ocrx_word' id='word_1_23' title='bbox 101 417 216 472; x_wconf 82' lang='lat' dir='ltr'>operam</span> <span class='ocrx_word' id='word_1_24' title='bbox 226 398 299 450; x_wconf 89' lang='lat' dir='ltr'><strong>dedi.</strong></span> <span class='ocrx_word' id='word_1_25' title='bbox 326 396 383 446; x_wconf 87' lang='lat' dir='ltr'><strong>lam</strong></span> <span class='ocrx_word' id='word_1_26' title='bbox 403 407 438 444; x_wconf 88' lang='lat' dir='ltr'><strong>ue</strong></span> <span class='ocrx_word' id='word_1_27' title='bbox 448 406 481 443; x_wconf 90' lang='lat' dir='ltr'><strong>eo</strong></span> <span class='ocrx_word' id='word_1_28' title='bbox 492 403 695 458; x_wconf 74' lang='lat' dir='ltr'><strong>processeram,</strong></span> <span class='ocrx_word' id='word_1_29' title='bbox 706 392 750 448; x_wconf 89' lang='lat' dir='ltr'><strong>ut,</strong></span> <span class='ocrx_word' id='word_1_30' title='bbox 762 392 901 452; x_wconf 81' lang='lat' dir='ltr'><strong>quactum</strong></span> 
     </span>
     <span class='ocr_line' id='line_1_5' title="bbox 101 449 900 542; baseline -0.031 -18"><span class='ocrx_word' id='word_1_31' title='bbox 101 471 269 542; x_wconf 78' lang='lat' dir='ltr'><strong>praecipuae</strong></span> <span class='ocrx_word' id='word_1_32' title='bbox 281 463 379 518; x_wconf 87' lang='lat' dir='ltr'><strong>laudes</strong></span> <span class='ocrx_word' id='word_1_33' title='bbox 414 458 577 519; x_wconf 66' lang='lat' dir='ltr'><strong>cibabuntur,</strong></span> <span class='ocrx_word' id='word_1_34' title='bbox 599 462 628 507; x_wconf 89' lang='lat' dir='ltr'><strong>et</strong></span> <span class='ocrx_word' id='word_1_35' title='bbox 639 455 668 504; x_wconf 91' lang='lat' dir='ltr'><strong>in</strong></span> <span class='ocrx_word' id='word_1_36' title='bbox 684 449 900 520; x_wconf 80' lang='lat' dir='ltr'><strong>argumentando</strong></span> 
     </span>
     <span class='ocr_line' id='line_1_6' title="bbox 102 523 901 592; baseline -0.031 -2"><span class='ocrx_word' id='word_1_37' title='bbox 102 539 173 592; x_wconf 88' lang='lat' dir='ltr'><strong>satis</strong></span> <span class='ocrx_word' id='word_1_38' title='bbox 184 541 280 586; x_wconf 89' lang='lat' dir='ltr'><strong>acutus</strong></span> <span class='ocrx_word' id='word_1_39' title='bbox 294 537 322 581; x_wconf 88' lang='lat' dir='ltr'><strong>et</strong></span> <span class='ocrx_word' id='word_1_40' title='bbox 331 530 362 579; x_wconf 91' lang='lat' dir='ltr'><strong>in</strong></span> <span class='ocrx_word' id='word_1_41' title='bbox 375 523 569 592; x_wconf 88' lang='lat' dir='ltr'><strong>respondendo</strong></span> <span class='ocrx_word' id='word_1_42' title='bbox 584 536 641 573; x_wconf 91' lang='lat' dir='ltr'><strong>non</strong></span> <span class='ocrx_word' id='word_1_43' title='bbox 653 524 780 573; x_wconf 85' lang='lat' dir='ltr'><strong>incautus</strong></span> <span class='ocrx_word' id='word_1_44' title='bbox 796 523 901 582; x_wconf 83' lang='lat' dir='ltr'><strong>etqua·</strong></span> 
     </span>
     <span class='ocr_line' id='line_1_7' title="bbox 104 587 902 670; baseline -0.031 -13"><span class='ocrx_word' id='word_1_45' title='bbox 104 616 212 670; x_wconf 90' lang='lat' dir='ltr'><strong>cunque</strong></span> <span class='ocrx_word' id='word_1_46' title='bbox 231 601 265 651; x_wconf 91' lang='lat' dir='ltr'><strong>de</strong></span> <span class='ocrx_word' id='word_1_47' title='bbox 281 611 312 648; x_wconf 87' lang='lat' dir='ltr'><strong>re</strong></span> <span class='ocrx_word' id='word_1_48' title='bbox 331 599 473 664; x_wconf 85' lang='lat' dir='ltr'><strong>ageretur,</strong></span> <span class='ocrx_word' id='word_1_49' title='bbox 496 589 603 640; x_wconf 79' lang='lat' dir='ltr'><strong>abunde</strong></span> <span class='ocrx_word' id='word_1_50' title='bbox 620 588 723 653; x_wconf 84' lang='lat' dir='ltr'><strong>loquax</strong></span> <span class='ocrx_word' id='word_1_51' title='bbox 742 598 844 645; x_wconf 88' lang='lat' dir='ltr'><strong>essem,</strong></span> <span class='ocrx_word' id='word_1_52' title='bbox 864 587 902 642; x_wconf 82' lang='lat' dir='ltr'><strong>et,</strong></span> 
     </span>
     <span class='ocr_line' id='line_1_8' title="bbox 104 650 902 740; baseline -0.033 -17"><span class='ocrx_word' id='word_1_53' title='bbox 104 671 181 740; x_wconf 88' lang='lat' dir='ltr'><strong>quod</strong></span> <span class='ocrx_word' id='word_1_54' title='bbox 193 665 286 718; x_wconf 90' lang='lat' dir='ltr'><strong>multis</strong></span> <span class='ocrx_word' id='word_1_55' title='bbox 299 661 463 730; x_wconf 89' lang='lat' dir='ltr'><strong>palmarium</strong></span> <span class='ocrx_word' id='word_1_56' title='bbox 474 656 632 717; x_wconf 87' lang='lat' dir='ltr'><strong>videbatur,</strong></span> <span class='ocrx_word' id='word_1_57' title='bbox 646 655 793 704; x_wconf 84' lang='lat' dir='ltr'><strong>multarum</strong></span> <span class='ocrx_word' id='word_1_58' title='bbox 809 650 902 714; x_wconf 79' lang='lat' dir='ltr'><strong>legum</strong></span> 
     </span>
     <span class='ocr_line' id='line_1_9' title="bbox 104 713 938 793; baseline -0.032 -3"><span class='ocrx_word' id='word_1_59' title='bbox 104 754 162 790; x_wconf 89' lang='lat' dir='ltr'><strong>non</strong></span> <span class='ocrx_word' id='word_1_60' title='bbox 175 733 378 786; x_wconf 87' lang='lat' dir='ltr'><strong>intellectarum</strong></span> <span class='ocrx_word' id='word_1_61' title='bbox 392 724 529 793; x_wconf 85' lang='lat' dir='ltr'><strong>principia</strong></span> <span class='ocrx_word' id='word_1_62' title='bbox 540 735 595 772; x_wconf 89' lang='lat' dir='ltr'><strong>uno</strong></span> <span class='ocrx_word' id='word_1_63' title='bbox 609 721 709 787; x_wconf 85' lang='lat' dir='ltr'><strong>spiritu</strong></span> <span class='ocrx_word' id='word_1_64' title='bbox 719 719 819 778; x_wconf 88' lang='lat' dir='ltr'><strong>citare,</strong></span> <span class='ocrx_word' id='word_1_65' title='bbox 833 713 902 766; x_wconf 91' lang='lat' dir='ltr'><strong>mul·</strong></span> <span class='ocrx_word' id='word_1_66' title='bbox 933 747 938 753; x_wconf 89' lang='lat'><em>-</em></span> 
     </span>
     <span class='ocr_line' id='line_1_10' title="bbox 105 785 903 864; baseline -0.034 -8"><span class='ocrx_word' id='word_1_67' title='bbox 105 810 199 856; x_wconf 89' lang='lat' dir='ltr'><strong>torum</strong></span> <span class='ocrx_word' id='word_1_68' title='bbox 208 801 389 864; x_wconf 87' lang='lat' dir='ltr'><strong>interpretum</strong></span> <span class='ocrx_word' id='word_1_69' title='bbox 399 792 510 843; x_wconf 87' lang='lat' dir='ltr'><strong>nomina</strong></span> <span class='ocrx_word' id='word_1_70' title='bbox 518 785 903 848; x_wconf 80' lang='lat' dir='ltr'><strong>recensere‚multosversus,</strong></span> 
     </span>
     <span class='ocr_line' id='line_1_11' title="bbox 54 849 958 936; baseline -0.039 -11"><span class='ocrx_word' id='word_1_71' title='bbox 54 931 64 936; x_wconf 53' lang='lat'><strong><em>‚</em></strong></span> <span class='ocrx_word' id='word_1_72' title='bbox 106 871 209 924; x_wconf 82' lang='lat' dir='ltr'><strong>urultas</strong></span> <span class='ocrx_word' id='word_1_73' title='bbox 217 867 342 934; x_wconf 79' lang='lat' dir='ltr'><strong>paginas,</strong></span> <span class='ocrx_word' id='word_1_74' title='bbox 354 860 453 910; x_wconf 87' lang='lat' dir='ltr'><strong>multas</strong></span> <span class='ocrx_word' id='word_1_75' title='bbox 465 855 620 915; x_wconf 87' lang='lat' dir='ltr'><strong>columnas,</strong></span> <span class='ocrx_word' id='word_1_76' title='bbox 632 854 757 918; x_wconf 86' lang='lat' dir='ltr'><strong>porticus</strong></span> <span class='ocrx_word' id='word_1_77' title='bbox 768 849 863 909; x_wconf 87' lang='lat' dir='ltr'><strong>etiam,</strong></span> <span class='ocrx_word' id='word_1_78' title='bbox 873 851 904 896; x_wconf 91' lang='lat' dir='ltr'><strong>ut</strong></span> <span class='ocrx_word' id='word_1_79' title='bbox 955 880 958 890; x_wconf 72' lang='grc'>,</span> 
     </span>
     <span class='ocr_line' id='line_1_12' title="bbox 108 897 982 1005; baseline -0.035 -15"><span class='ocrx_word' id='word_1_80' title='bbox 108 941 222 1005; x_wconf 89' lang='lat' dir='ltr'><strong>opinor,</strong></span> <span class='ocrx_word' id='word_1_81' title='bbox 239 939 268 984; x_wconf 89' lang='lat' dir='ltr'><strong>et</strong></span> <span class='ocrx_word' id='word_1_82' title='bbox 277 926 422 998; x_wconf 86' lang='lat' dir='ltr'><strong>peristylia</strong></span> <span class='ocrx_word' id='word_1_83' title='bbox 437 928 465 973; x_wconf 92' lang='lat' dir='ltr'><strong>et</strong></span> <span class='ocrx_word' id='word_1_84' title='bbox 473 918 686 972; x_wconf 88' lang='lat' dir='ltr'><strong>intercolumnia</strong></span> <span class='ocrx_word' id='word_1_85' title='bbox 699 912 904 979; x_wconf 82' lang='lat' dir='ltr'><strong>nullanegotia</strong></span> <span class='ocrx_word' id='word_1_86' title='bbox 976 897 982 910; x_wconf 27' lang='grc' dir='ltr'><strong>Χ</strong></span> 
     </span>
     <span class='ocr_line' id='line_1_13' title="bbox 97 983 904 1065; baseline -0.037 -8"><span class='ocrx_word' id='word_1_87' title='bbox 97 1014 252 1056; x_wconf 75' lang='lat' dir='ltr'><strong>&#39;numerare</strong></span> <span class='ocrx_word' id='word_1_88' title='bbox 261 993 411 1065; x_wconf 87' lang='lat' dir='ltr'><strong>quamlibet</strong></span> <span class='ocrx_word' id='word_1_89' title='bbox 419 989 506 1040; x_wconf 87' lang='lat' dir='ltr'><strong>multa</strong></span> <span class='ocrx_word' id='word_1_90' title='bbox 514 999 634 1053; x_wconf 86' lang='lat' dir='ltr'><strong>possem.</strong></span> <span class='ocrx_word' id='word_1_91' title='bbox 669 983 805 1050; x_wconf 82' lang='lat' dir='ltr'><strong>cumipse</strong></span> <span class='ocrx_word' id='word_1_92' title='bbox 814 992 904 1029; x_wconf 83' lang='lat' dir='ltr'><strong>niceo</strong></span> 
     </span>
     <span class='ocr_line' id='line_1_14' title="bbox 107 1046 906 1128; baseline -0.038 -5"><span class='ocrx_word' id='word_1_93' title='bbox 107 1070 219 1123; x_wconf 90' lang='lat' dir='ltr'><strong>nomine</strong></span> <span class='ocrx_word' id='word_1_94' title='bbox 230 1057 496 1128; x_wconf 82' lang='lat' dir='ltr'><strong>circumspiciebam,</strong></span> <span class='ocrx_word' id='word_1_95' title='bbox 510 1063 611 1118; x_wconf 85' lang='lat' dir='ltr'><strong>meque</strong></span> <span class='ocrx_word' id='word_1_96' title='bbox 617 1049 742 1116; x_wconf 88' lang='lat' dir='ltr'><strong>pulcrum</strong></span> <span class='ocrx_word' id='word_1_97' title='bbox 752 1062 784 1098; x_wconf 91' lang='lat' dir='ltr'><strong>ac</strong></span> <span class='ocrx_word' id='word_1_98' title='bbox 794 1046 906 1108; x_wconf 85' lang='lat' dir='ltr'><strong>beatum</strong></span> 
     </span>
     <span class='ocr_line' id='line_1_15' title="bbox 108 1109 906 1204; baseline -0.036 -15"><span class='ocrx_word' id='word_1_99' title='bbox 108 1137 247 1204; x_wconf 86' lang='lat' dir='ltr'><strong>putabam,</strong></span> <span class='ocrx_word' id='word_1_100' title='bbox 259 1139 314 1182; x_wconf 77' lang='lat' dir='ltr'><strong>min</strong></span> <span class='ocrx_word' id='word_1_101' title='bbox 323 1141 375 1178; x_wconf 85' lang='lat' dir='ltr'><strong>uuo</strong></span> <span class='ocrx_word' id='word_1_102' title='bbox 388 1140 433 1176; x_wconf 84' lang='lat' dir='ltr'><strong>ore</strong></span> <span class='ocrx_word' id='word_1_103' title='bbox 443 1135 539 1182; x_wconf 77' lang='lat' dir='ltr'><strong>omnes,</strong></span> <span class='ocrx_word' id='word_1_104' title='bbox 549 1126 580 1170; x_wconf 91' lang='lat' dir='ltr'><strong>ut</strong></span> <span class='ocrx_word' id='word_1_105' title='bbox 589 1118 630 1168; x_wconf 86' lang='lat' dir='ltr'><strong>ait</strong></span> <span class='ocrx_word' id='word_1_106' title='bbox 640 1114 804 1176; x_wconf 82' lang='lat' dir='ltr'><strong>comicus*),</strong></span> <span class='ocrx_word' id='word_1_107' title='bbox 816 1109 906 1160; x_wconf 79' lang='lat' dir='ltr'><strong>emnia</strong></span> 
     </span>
     <span class='ocr_line' id='line_1_16' title="bbox 111 1177 907 1258; baseline -0.039 -2"><span class='ocrx_word' id='word_1_108' title='bbox 111 1205 181 1255; x_wconf 83' lang='lat' dir='ltr'><strong>bona</strong></span> <span class='ocrx_word' id='word_1_109' title='bbox 190 1201 275 1252; x_wconf 82' lang='lat' dir='ltr'><strong>dicere</strong></span> <span class='ocrx_word' id='word_1_110' title='bbox 288 1203 315 1248; x_wconf 85' lang='lat' dir='ltr'><strong>et</strong></span> <span class='ocrx_word' id='word_1_111' title='bbox 323 1187 566 1258; x_wconf 80' lang='lat' dir='ltr'><strong>laudarefcrtunas</strong></span> <span class='ocrx_word' id='word_1_112' title='bbox 579 1197 663 1242; x_wconf 81' lang='lat' dir='ltr'><strong>meus,</strong></span> <span class='ocrx_word' id='word_1_113' title='bbox 679 1181 726 1246; x_wconf 87' lang='lat' dir='ltr'><strong>qui</strong></span> <span class='ocrx_word' id='word_1_114' title='bbox 739 1177 846 1229; x_wconf 86' lang='lat' dir='ltr'><strong>tantula</strong></span> <span class='ocrx_word' id='word_1_115' title='bbox 859 1187 907 1226; x_wconf 76' lang='lat' dir='ltr'><strong>as-</strong></span> 
     </span>
     <span class='ocr_line' id='line_1_17' title="bbox 109 1246 907 1322; baseline -0.04 0"><span class='ocrx_word' id='word_1_116' title='bbox 109 1278 168 1322; x_wconf 87' lang='lat' dir='ltr'><strong>tate</strong></span> <span class='ocrx_word' id='word_1_117' title='bbox 179 1273 281 1319; x_wconf 85' lang='lat' dir='ltr'><strong>tantam</strong></span> <span class='ocrx_word' id='word_1_118' title='bbox 291 1261 370 1322; x_wconf 87' lang='lat' dir='ltr'><strong>mihi,</strong></span> <span class='ocrx_word' id='word_1_119' title='bbox 380 1264 411 1310; x_wconf 88' lang='lat' dir='ltr'><strong>ut</strong></span> <span class='ocrx_word' id='word_1_120' title='bbox 420 1255 475 1322; x_wconf 90' lang='lat' dir='ltr'><strong>ipsi</strong></span> <span class='ocrx_word' id='word_1_121' title='bbox 485 1251 630 1320; x_wconf 87' lang='lat' dir='ltr'><strong>putabant,</strong></span> <span class='ocrx_word' id='word_1_122' title='bbox 640 1246 806 1313; x_wconf 70' lang='lat' dir='ltr'><strong>sapientiae,</strong></span> <span class='ocrx_word' id='word_1_123' title='bbox 820 1247 851 1292; x_wconf 87' lang='lat' dir='ltr'><strong>ut</strong></span> <span class='ocrx_word' id='word_1_124' title='bbox 860 1254 907 1292; x_wconf 86' lang='lat' dir='ltr'><strong>res</strong></span> 
     </span>
     <span class='ocr_line' id='line_1_18' title="bbox 35 1307 907 1404; baseline -0.044 -12"><span class='ocrx_word' id='word_1_125' title='bbox 35 1393 36 1398; x_wconf 66' lang='grc'>,</span> <span class='ocrx_word' id='word_1_126' title='bbox 111 1337 173 1404; x_wconf 87' lang='lat' dir='ltr'><strong>ipsa</strong></span> <span class='ocrx_word' id='word_1_127' title='bbox 182 1333 289 1394; x_wconf 88' lang='lat' dir='ltr'><strong>docuit,</strong></span> <span class='ocrx_word' id='word_1_128' title='bbox 301 1327 435 1380; x_wconf 85' lang='lat' dir='ltr'><strong>stultitiae</strong></span> <span class='ocrx_word' id='word_1_129' title='bbox 447 1326 475 1373; x_wconf 89' lang='lat' dir='ltr'><strong>et</strong></span> <span class='ocrx_word' id='word_1_130' title='bbox 485 1319 607 1370; x_wconf 86' lang='lat' dir='ltr'><strong>inanium</strong></span> <span class='ocrx_word' id='word_1_131' title='bbox 617 1315 776 1382; x_wconf 84' lang='lat' dir='ltr'><strong>opinionum</strong></span> <span class='ocrx_word' id='word_1_132' title='bbox 788 1307 907 1374; x_wconf 71' lang='lat' dir='ltr'><strong>supellm</strong></span> 
     </span>
     <span class='ocr_line' id='line_1_19' title="bbox 111 1375 907 1464; baseline -0.044 -8"><span class='ocrx_word' id='word_1_133' title='bbox 111 1402 206 1456; x_wconf 86' lang='lat' dir='ltr'><strong>ctilem</strong></span> <span class='ocrx_word' id='word_1_134' title='bbox 226 1406 436 1464; x_wconf 86' lang='lat' dir='ltr'><strong>comparassem.</strong></span> <span class='ocrx_word' id='word_1_135' title='bbox 471 1388 528 1440; x_wconf 92' lang='lat' dir='ltr'><strong>lam</strong></span> <span class='ocrx_word' id='word_1_136' title='bbox 548 1397 642 1436; x_wconf 87' lang='lat' dir='ltr'><strong>omnes</strong></span> <span class='ocrx_word' id='word_1_137' title='bbox 660 1394 703 1432; x_wconf 88' lang='lat' dir='ltr'><strong>me</strong></span> <span class='ocrx_word' id='word_1_138' title='bbox 721 1378 777 1429; x_wconf 88' lang='lat' dir='ltr'><strong>mei</strong></span> <span class='ocrx_word' id='word_1_139' title='bbox 795 1375 907 1436; x_wconf 79' lang='lat' dir='ltr'><strong>feruet</strong></span> 
     </span>
     <span class='ocr_line' id='line_1_20' title="bbox 111 1439 907 1523; baseline -0.045 1"><span class='ocrx_word' id='word_1_140' title='bbox 111 1469 243 1523; x_wconf 87' lang='lat' dir='ltr'><strong>cancellis</strong></span> <span class='ocrx_word' id='word_1_141' title='bbox 264 1471 293 1516; x_wconf 90' lang='lat' dir='ltr'><strong>et</strong></span> <span class='ocrx_word' id='word_1_142' title='bbox 310 1458 450 1514; x_wconf 83' lang='lat' dir='ltr'><strong>&#39;subselliis</strong></span> <span class='ocrx_word' id='word_1_143' title='bbox 470 1453 656 1512; x_wconf 86' lang='lat' dir='ltr'><strong>destinabant,</strong></span> <span class='ocrx_word' id='word_1_144' title='bbox 678 1453 859 1512; x_wconf 81' lang='lat' dir='ltr'><strong>magnamque</strong></span> <span class='ocrx_word' id='word_1_145' title='bbox 878 1439 907 1489; x_wconf 91' lang='lat' dir='ltr'><strong>in</strong></span> 
     </span>
     <span class='ocr_line' id='line_1_21' title="bbox 113 1505 908 1605; baseline -0.043 -15"><span class='ocrx_word' id='word_1_146' title='bbox 113 1551 189 1605; x_wconf 91' lang='lat' dir='ltr'><strong>spem</strong></span> <span class='ocrx_word' id='word_1_147' title='bbox 196 1534 335 1591; x_wconf 82' lang='lat' dir='ltr'><strong>venerunt,</strong></span> <span class='ocrx_word' id='word_1_148' title='bbox 345 1525 469 1577; x_wconf 86' lang='lat' dir='ltr'><strong>rabulam</strong></span> <span class='ocrx_word' id='word_1_149' title='bbox 477 1536 520 1572; x_wconf 89' lang='lat' dir='ltr'><strong>me</strong></span> <span class='ocrx_word' id='word_1_150' title='bbox 530 1520 651 1585; x_wconf 85' lang='lat' dir='ltr'><strong>aliquem</strong></span> <span class='ocrx_word' id='word_1_151' title='bbox 658 1527 713 1564; x_wconf 90' lang='lat' dir='ltr'><strong>non</strong></span> <span class='ocrx_word' id='word_1_152' title='bbox 721 1515 750 1563; x_wconf 91' lang='lat' dir='ltr'><strong>in</strong></span> <span class='ocrx_word' id='word_1_153' title='bbox 758 1505 908 1577; x_wconf 78' lang='lat' dir='ltr'><strong>postremis</strong></span> 
     </span>
     <span class='ocr_line' id='line_1_22' title="bbox 112 1573 908 1670; baseline -0.041 -14"><span class='ocrx_word' id='word_1_154' title='bbox 112 1605 186 1670; x_wconf 85' lang='lat' dir='ltr'><strong>fore,</strong></span> <span class='ocrx_word' id='word_1_155' title='bbox 198 1597 392 1654; x_wconf 86' lang='lat' dir='ltr'><strong>confidentem,</strong></span> <span class='ocrx_word' id='word_1_156' title='bbox 403 1605 506 1652; x_wconf 88' lang='lat' dir='ltr'><strong>acrem,</strong></span> <span class='ocrx_word' id='word_1_157' title='bbox 517 1583 733 1642; x_wconf 87' lang='lat' dir='ltr'><strong>contentiosum,</strong></span> <span class='ocrx_word' id='word_1_158' title='bbox 743 1573 908 1645; x_wconf 78' lang='lat' dir='ltr'><strong>praesertim</strong></span> 
     </span>
     <span class='ocr_line' id='line_1_23' title="bbox 113 1651 912 1724; baseline -0.045 0"><span class='ocrx_word' id='word_1_159' title='bbox 113 1687 175 1724; x_wconf 92' lang='lat' dir='ltr'><strong>cum</strong></span> <span class='ocrx_word' id='word_1_160' title='bbox 186 1677 213 1722; x_wconf 87' lang='lat' dir='ltr'><strong>et</strong></span> <span class='ocrx_word' id='word_1_161' title='bbox 223 1672 321 1718; x_wconf 87' lang='lat' dir='ltr'><strong>natura</strong></span> <span class='ocrx_word' id='word_1_162' title='bbox 330 1674 419 1712; x_wconf 85' lang='lat' dir='ltr'><strong>essem</strong></span> <span class='ocrx_word' id='word_1_163' title='bbox 429 1658 515 1724; x_wconf 83' lang='lat' dir='ltr'><strong>firmis</strong></span> <span class='ocrx_word' id='word_1_164' title='bbox 525 1651 659 1706; x_wconf 86' lang='lat' dir='ltr'><strong>lateribus</strong></span> <span class='ocrx_word' id='word_1_165' title='bbox 673 1653 702 1699; x_wconf 89' lang='lat' dir='ltr'><strong>et</strong></span> <span class='ocrx_word' id='word_1_166' title='bbox 715 1660 786 1696; x_wconf 85' lang='lat' dir='ltr'><strong>roca</strong></span> <span class='ocrx_word' id='word_1_167' title='bbox 798 1653 912 1707; x_wconf 82' lang='lat' dir='ltr'><strong>magna,</strong></span> 
     </span>
     <span class='ocr_line' id='line_1_24' title="bbox 113 1709 908 1804; baseline -0.045 -13"><span class='ocrx_word' id='word_1_168' title='bbox 113 1745 154 1800; x_wconf 89' lang='lat' dir='ltr'><strong>et,</strong></span> <span class='ocrx_word' id='word_1_169' title='bbox 165 1735 238 1804; x_wconf 90' lang='lat' dir='ltr'><strong>quod</strong></span> <span class='ocrx_word' id='word_1_170' title='bbox 249 1735 330 1798; x_wconf 87' lang='lat' dir='ltr'><strong>caput</strong></span> <span class='ocrx_word' id='word_1_171' title='bbox 340 1735 397 1788; x_wconf 84' lang='lat' dir='ltr'><strong>est,</strong></span> <span class='ocrx_word' id='word_1_172' title='bbox 410 1723 454 1774; x_wconf 91' lang='lat' dir='ltr'><strong>illi</strong></span> <span class='ocrx_word' id='word_1_173' title='bbox 464 1737 507 1773; x_wconf 92' lang='lat' dir='ltr'><strong>me</strong></span> <span class='ocrx_word' id='word_1_174' title='bbox 519 1736 587 1788; x_wconf 89' lang='lat' dir='ltr'><strong>quos</strong></span> <span class='ocrx_word' id='word_1_175' title='bbox 598 1717 656 1770; x_wconf 86' lang='lat' dir='ltr'><strong>dixi</strong></span> <span class='ocrx_word' id='word_1_176' title='bbox 663 1712 804 1781; x_wconf 83' lang='lat' dir='ltr'><strong>magistri,</strong></span> <span class='ocrx_word' id='word_1_177' title='bbox 819 1709 843 1760; x_wconf 90' lang='lat' dir='ltr'><strong>si</strong></span> <span class='ocrx_word' id='word_1_178' title='bbox 853 1721 908 1756; x_wconf 89' lang='lat' dir='ltr'><strong>nou</strong></span> 
     </span>
     <span class='ocr_line' id='line_1_25' title="bbox 113 1773 909 1864; baseline -0.043 -7"><span class='ocrx_word' id='word_1_179' title='bbox 113 1805 228 1857; x_wconf 90' lang='lat' dir='ltr'><strong>multum</strong></span> <span class='ocrx_word' id='word_1_180' title='bbox 241 1809 351 1864; x_wconf 86' lang='lat' dir='ltr'><strong>sapere,</strong></span> <span class='ocrx_word' id='word_1_181' title='bbox 374 1797 402 1841; x_wconf 87' lang='lat' dir='ltr'><strong>at</strong></span> <span class='ocrx_word' id='word_1_182' title='bbox 414 1795 502 1850; x_wconf 84' lang='lat' dir='ltr'><strong>certe,</strong></span> <span class='ocrx_word' id='word_1_183' title='bbox 522 1788 596 1853; x_wconf 88' lang='lat' dir='ltr'><strong>quod</strong></span> <span class='ocrx_word' id='word_1_184' title='bbox 606 1782 678 1850; x_wconf 91' lang='lat' dir='ltr'><strong>apud</strong></span> <span class='ocrx_word' id='word_1_185' title='bbox 689 1796 738 1832; x_wconf 90' lang='lat' dir='ltr'><strong>eos</strong></span> <span class='ocrx_word' id='word_1_186' title='bbox 748 1793 798 1844; x_wconf 91' lang='lat' dir='ltr'><strong>pro</strong></span> <span class='ocrx_word' id='word_1_187' title='bbox 810 1773 909 1826; x_wconf 84' lang='lat' dir='ltr'><strong>eodem</strong></span> 
     </span>
     <span class='ocr_line' id='line_1_26' title="bbox 114 1843 908 1932; baseline -0.043 -8"><span class='ocrx_word' id='word_1_188' title='bbox 114 1877 183 1932; x_wconf 87' lang='lat' dir='ltr'><strong>erat,</strong></span> <span class='ocrx_word' id='word_1_189' title='bbox 197 1867 310 1918; x_wconf 90' lang='lat' dir='ltr'><strong>multum</strong></span> <span class='ocrx_word' id='word_1_190' title='bbox 320 1859 422 1909; x_wconf 85' lang='lat' dir='ltr'><strong>audere</strong></span> <span class='ocrx_word' id='word_1_191' title='bbox 431 1855 600 1918; x_wconf 82' lang='lat' dir='ltr'><strong>multumque</strong></span> <span class='ocrx_word' id='word_1_192' title='bbox 610 1852 729 1902; x_wconf 86' lang='lat' dir='ltr'><strong>clamare</strong></span> <span class='ocrx_word' id='word_1_193' title='bbox 740 1843 908 1896; x_wconf 78' lang='lat' dir='ltr'><strong>docuissent.</strong></span> 
     </span>
     <span class='ocr_line' id='line_1_27' title="bbox 114 1907 909 1998; baseline -0.04 -10"><span class='ocrx_word' id='word_1_194' title='bbox 114 1937 189 1998; x_wconf 74' lang='lat' dir='ltr'><strong>Quid</strong></span> <span class='ocrx_word' id='word_1_195' title='bbox 203 1931 295 1982; x_wconf 87' lang='lat' dir='ltr'><strong>verbis</strong></span> <span class='ocrx_word' id='word_1_196' title='bbox 310 1937 378 1989; x_wconf 83' lang='lat' dir='ltr'><strong>opus</strong></span> <span class='ocrx_word' id='word_1_197' title='bbox 393 1920 451 1971; x_wconf 78' lang='lat' dir='ltr'><strong>esti</strong></span> <span class='ocrx_word' id='word_1_198' title='bbox 467 1919 541 1967; x_wconf 82' lang='lat' dir='ltr'><strong>lnibi</strong></span> <span class='ocrx_word' id='word_1_199' title='bbox 550 1919 605 1967; x_wconf 86' lang='lat' dir='ltr'><strong>iam</strong></span> <span class='ocrx_word' id='word_1_200' title='bbox 618 1922 690 1976; x_wconf 90' lang='lat' dir='ltr'><strong>erat,</strong></span> <span class='ocrx_word' id='word_1_201' title='bbox 709 1919 741 1964; x_wconf 89' lang='lat' dir='ltr'><strong>ut</strong></span> <span class='ocrx_word' id='word_1_202' title='bbox 752 1910 822 1964; x_wconf 89' lang='lat' dir='ltr'><strong>illud</strong></span> <span class='ocrx_word' id='word_1_203' title='bbox 834 1907 909 1958; x_wconf 82' lang='lat' dir='ltr'><strong>vitae</strong></span> 
     </span>
     <span class='ocr_line' id='line_1_28' title="bbox 29 1977 911 2072; baseline -0.04 -16"><span class='ocrx_word' id='word_1_204' title='bbox 29 2067 34 2072; x_wconf 34' lang='grc'><em>,</em></span> <span class='ocrx_word' id='word_1_205' title='bbox 114 2013 204 2072; x_wconf 79' lang='lat' dir='ltr'><strong>genus</strong></span> <span class='ocrx_word' id='word_1_206' title='bbox 213 1992 388 2062; x_wconf 82' lang='lat' dir='ltr'><strong>ingrederer,</strong></span> <span class='ocrx_word' id='word_1_207' title='bbox 404 1999 464 2036; x_wconf 90' lang='lat' dir='ltr'><strong>cum</strong></span> <span class='ocrx_word' id='word_1_208' title='bbox 475 1983 551 2033; x_wconf 86' lang='lat' dir='ltr'><strong>Deus</strong></span> <span class='ocrx_word' id='word_1_209' title='bbox 564 2009 596 2020; x_wconf 89' lang='lat'>-</span> <span class='ocrx_word' id='word_1_210' title='bbox 608 1982 685 2031; x_wconf 86' lang='lat' dir='ltr'><strong>Deus</strong></span> <span class='ocrx_word' id='word_1_211' title='bbox 699 1981 772 2030; x_wconf 88' lang='lat' dir='ltr'><strong>enirn</strong></span> <span class='ocrx_word' id='word_1_212' title='bbox 784 1977 911 2036; x_wconf 69' lang='lat' dir='ltr'><strong>luit,¹ua·</strong></span> 
     </span>
     <span class='ocr_line' id='line_1_29' title="bbox 115 2041 912 2138; baseline -0.038 -18"><span class='ocrx_word' id='word_1_213' title='bbox 115 2083 170 2138; x_wconf 88' lang='lat' dir='ltr'><strong>que</strong></span> <span class='ocrx_word' id='word_1_214' title='bbox 180 2064 233 2116; x_wconf 84' lang='lat' dir='ltr'><strong>hnc</strong></span> <span class='ocrx_word' id='word_1_215' title='bbox 245 2057 312 2111; x_wconf 88' lang='lat' dir='ltr'><strong>mibi</strong></span> <span class='ocrx_word' id='word_1_216' title='bbox 323 2069 357 2106; x_wconf 84' lang='lat' dir='ltr'><strong>ex</strong></span> <span class='ocrx_word' id='word_1_217' title='bbox 367 2053 457 2102; x_wconf 82' lang='lat' dir='ltr'><strong>animo</strong></span> <span class='ocrx_word' id='word_1_218' title='bbox 469 2048 562 2100; x_wconf 86' lang='lat' dir='ltr'><strong>excuti</strong></span> <span class='ocrx_word' id='word_1_219' title='bbox 571 2051 677 2112; x_wconf 88' lang='lat' dir='ltr'><strong>potest,</strong></span> <span class='ocrx_word' id='word_1_220' title='bbox 692 2073 725 2084; x_wconf 86' lang='lat'>-</span> <span class='ocrx_word' id='word_1_221' title='bbox 738 2044 814 2108; x_wconf 83' lang='lat' dir='ltr'><strong>Deus</strong></span> <span class='ocrx_word' id='word_1_222' title='bbox 824 2041 912 2106; x_wconf 79' lang='lat' dir='ltr'><strong>igitur</strong></span> 
     </span>
     <span class='ocr_line' id='line_1_30' title="bbox 115 2107 912 2242; baseline -0.045 -50"><span class='ocrx_word' id='word_1_223' title='bbox 115 2131 220 2194; x_wconf 74' lang='lat' dir='ltr'><strong>effecit,</strong></span> <span class='ocrx_word' id='word_1_224' title='bbox 230 2133 262 2180; x_wconf 89' lang='lat' dir='ltr'><strong>ut</strong></span> <span class='ocrx_word' id='word_1_225' title='bbox 271 2121 404 2242; x_wconf 61' lang='lat' dir='ltr'><strong>praedam</strong></span> <span class='ocrx_word' id='word_1_226' title='bbox 412 2115 520 2166; x_wconf 87' lang='lat' dir='ltr'><strong>Budaei</strong></span> <span class='ocrx_word' id='word_1_227' title='bbox 529 2119 558 2163; x_wconf 91' lang='lat' dir='ltr'><strong>et</strong></span> <span class='ocrx_word' id='word_1_228' title='bbox 563 2112 664 2162; x_wconf 70' lang='lat' dir='ltr'><strong>alciati</strong></span> <span class='ocrx_word' id='word_1_229' title='bbox 674 2116 702 2160; x_wconf 88' lang='lat' dir='ltr'><strong>et</strong></span> <span class='ocrx_word' id='word_1_230' title='bbox 712 2109 829 2170; x_wconf 74' lang='lat' dir='ltr'><strong>aliorum</strong></span> <span class='ocrx_word' id='word_1_231' title='bbox 840 2107 912 2157; x_wconf 68' lang='lat' dir='ltr'><strong>cium</strong></span> 
     </span>
     <span class='ocr_line' id='line_1_31' title="bbox 117 2169 913 2256; baseline -0.046 1"><span class='ocrx_word' id='word_1_232' title='bbox 117 2206 180 2256; x_wconf 92' lang='lat' dir='ltr'><strong>dem</strong></span> <span class='ocrx_word' id='word_1_233' title='bbox 190 2204 273 2252; x_wconf 87' lang='lat' dir='ltr'><strong>uotae</strong></span> <span class='ocrx_word' id='word_1_234' title='bbox 300 2184 541 2247; x_wconf 86' lang='lat' dir='ltr'><strong>ominumscripta,</strong></span> <span class='ocrx_word' id='word_1_235' title='bbox 552 2169 913 2244; x_wconf 87' lang='lat' dir='ltr'><strong>quaenunquamanteillud</strong></span> 
     </span>
     <span class='ocr_line' id='line_1_32' title="bbox 116 2240 913 2338; baseline -0.045 -14"><span class='ocrx_word' id='word_1_236' title='bbox 116 2277 225 2338; x_wconf 87' lang='lat' dir='ltr'><strong>tempus</strong></span> <span class='ocrx_word' id='word_1_237' title='bbox 236 2252 466 2326; x_wconf 83' lang='lat' dir='ltr'><strong>adspexeram,in</strong></span> <span class='ocrx_word' id='word_1_238' title='bbox 475 2261 571 2298; x_wconf 89' lang='lat' dir='ltr'><strong>manus</strong></span> <span class='ocrx_word' id='word_1_239' title='bbox 581 2256 656 2294; x_wconf 88' lang='lat' dir='ltr'><strong>meas</strong></span> <span class='ocrx_word' id='word_1_240' title='bbox 666 2241 799 2292; x_wconf 87' lang='lat' dir='ltr'><strong>venirent.</strong></span> <span class='ocrx_word' id='word_1_241' title='bbox 835 2240 913 2298; x_wconf 72' lang='lat' dir='ltr'><strong>Quae</strong></span> 
     </span>
     <span class='ocr_line' id='line_1_33' title="bbox 118 2305 913 2388; baseline -0.047 2"><span class='ocrx_word' id='word_1_242' title='bbox 118 2341 179 2388; x_wconf 86' lang='lat' dir='ltr'><strong>cuni</strong></span> <span class='ocrx_word' id='word_1_243' title='bbox 193 2331 322 2385; x_wconf 75' lang='lat' dir='ltr'><strong>evolvere</strong></span> <span class='ocrx_word' id='word_1_244' title='bbox 336 2319 503 2388; x_wconf 82' lang='lat' dir='ltr'><strong>coepissem,</strong></span> <span class='ocrx_word' id='word_1_245' title='bbox 519 2313 675 2380; x_wconf 87' lang='lat' dir='ltr'><strong>passimque</strong></span> <span class='ocrx_word' id='word_1_246' title='bbox 687 2309 716 2376; x_wconf 84' lang='lat' dir='ltr'><strong>iu</strong></span> <span class='ocrx_word' id='word_1_247' title='bbox 726 2307 766 2357; x_wconf 90' lang='lat' dir='ltr'><strong>eis</strong></span> <span class='ocrx_word' id='word_1_248' title='bbox 776 2305 863 2356; x_wconf 81' lang='lat' dir='ltr'><strong>multa</strong></span> <span class='ocrx_word' id='word_1_249' title='bbox 870 2316 913 2354; x_wconf 74' lang='lat'><strong>10⁴</strong></span> 
     </span>
     <span class='ocr_line' id='line_1_34' title="bbox 137 2370 912 2464; baseline -0.05 -10"><span class='ocrx_word' id='word_1_250' title='bbox 137 2405 248 2463; x_wconf 86' lang='lat' dir='ltr'><strong>erirem,</strong></span> <span class='ocrx_word' id='word_1_251' title='bbox 264 2407 333 2464; x_wconf 85' lang='lat' dir='ltr'><strong>quae</strong></span> <span class='ocrx_word' id='word_1_252' title='bbox 345 2389 379 2441; x_wconf 88' lang='lat' dir='ltr'><strong>de</strong></span> <span class='ocrx_word' id='word_1_253' title='bbox 390 2383 530 2454; x_wconf 81' lang='lat' dir='ltr'><strong>magistris</strong></span> <span class='ocrx_word' id='word_1_254' title='bbox 540 2379 609 2432; x_wconf 86' lang='lat' dir='ltr'><strong>meis</strong></span> <span class='ocrx_word' id='word_1_255' title='bbox 619 2388 755 2441; x_wconf 87' lang='lat' dir='ltr'><strong>nunquam</strong></span> <span class='ocrx_word' id='word_1_256' title='bbox 766 2370 912 2428; x_wconf 85' lang='lat' dir='ltr'><strong>audissem,</strong></span> 
     </span>
     <span class='ocr_line' id='line_1_35' title="bbox 117 2439 913 2524; baseline -0.05 0"><span class='ocrx_word' id='word_1_257' title='bbox 117 2472 217 2524; x_wconf 88' lang='lat' dir='ltr'><strong>multas</strong></span> <span class='ocrx_word' id='word_1_258' title='bbox 233 2459 402 2522; x_wconf 87' lang='lat' dir='ltr'><strong>sententias,</strong></span> <span class='ocrx_word' id='word_1_259' title='bbox 415 2467 482 2522; x_wconf 86' lang='lat' dir='ltr'><strong>qpas</strong></span> <span class='ocrx_word' id='word_1_260' title='bbox 496 2450 537 2501; x_wconf 93' lang='lat' dir='ltr'><strong>illi</strong></span> <span class='ocrx_word' id='word_1_261' title='bbox 553 2462 596 2500; x_wconf 90' lang='lat' dir='ltr'><strong>me</strong></span> <span class='ocrx_word' id='word_1_262' title='bbox 609 2449 683 2497; x_wconf 86' lang='lat' dir='ltr'><strong>ratas</strong></span> <span class='ocrx_word' id='word_1_263' title='bbox 699 2454 731 2492; x_wconf 85' lang='lat' dir='ltr'><strong>ac</strong></span> <span class='ocrx_word' id='word_1_264' title='bbox 746 2439 837 2488; x_wconf 84' lang='lat' dir='ltr'><strong>firmas</strong></span> <span class='ocrx_word' id='word_1_265' title='bbox 850 2447 913 2484; x_wconf 87' lang='lat' dir='ltr'><strong>esse</strong></span> 
     </span>
    </p>
   </div>
   <div class='ocr_carea' id='block_1_3' title="bbox 119 2499 913 2596">
    <p class='ocr_par' dir='ltr' id='par_1_3' title="bbox 119 2499 913 2596">
     <span class='ocr_line' id='line_1_36' title="bbox 119 2499 913 2596; baseline -0.052 -5"><span class='ocrx_word' id='word_1_266' title='bbox 119 2538 297 2595; x_wconf 86' lang='lat' dir='ltr'><strong>docuissent,</strong></span> <span class='ocrx_word' id='word_1_267' title='bbox 310 2521 481 2596; x_wconf 81' lang='lat' dir='ltr'><strong>gravissimis</strong></span> <span class='ocrx_word' id='word_1_268' title='bbox 496 2510 664 2587; x_wconf 81' lang='lat' dir='ltr'><strong>argumentis</strong></span> <span class='ocrx_word' id='word_1_269' title='bbox 676 2503 821 2564; x_wconf 75' lang='lat' dir='ltr'><strong>convulsas</strong></span> <span class='ocrx_word' id='word_1_270' title='bbox 832 2516 865 2563; x_wconf 77' lang='lat' dir='ltr'><strong>ac</strong></span> <span class='ocrx_word' id='word_1_271' title='bbox 874 2499 913 2551; x_wconf 62' lang='lat' dir='ltr'><strong>la,</strong></span> 
     </span>
    </p>
   </div>
   <div class='ocr_carea' id='block_1_4' title="bbox 157 2661 513 2730">
    <p class='ocr_par' dir='ltr' id='par_1_4' title="bbox 157 2661 513 2730">
     <span class='ocr_line' id='line_1_37' title="bbox 157 2661 513 2730; baseline -0.028 -9"><span class='ocrx_word' id='word_1_272' title='bbox 157 2675 177 2730; x_wconf 92' lang='lat'><strong>·)</strong></span> <span class='ocrx_word' id='word_1_273' title='bbox 192 2674 286 2720; x_wconf 76' lang='lat' dir='ltr'><strong>Terent.</strong></span> <span class='ocrx_word' id='word_1_274' title='bbox 295 2671 366 2722; x_wconf 78' lang='lat' dir='ltr'><strong>andr.</strong></span> <span class='ocrx_word' id='word_1_275' title='bbox 376 2667 395 2715; x_wconf 87' lang='lat'><strong>1.</strong></span> <span class='ocrx_word' id='word_1_276' title='bbox 406 2669 428 2711; x_wconf 82' lang='lat' dir='ltr'><strong>l·</strong></span> <span class='ocrx_word' id='word_1_277' title='bbox 437 2661 470 2714; x_wconf 67' lang='lat' dir='ltr'><strong>ti»</strong></span> <span class='ocrx_word' id='word_1_278' title='bbox 479 2677 513 2726; x_wconf 77' lang='lat' dir='ltr'><strong>sq.</strong></span> 
     </span>
    </p>
   </div>
   <div class='ocr_carea' id='block_1_5' title="bbox 0 0 1102 3008">
    <p class='ocr_par' dir='ltr' id='par_1_5' title="bbox 0 0 1102 3008">
     <span class='ocr_line' id='line_1_38' title="bbox 0 0 1102 3008; baseline 0 0"><span class='ocrx_word' id='word_1_279' title='bbox 0 0 1102 3008; x_wconf 95' lang='lat' dir='ltr'><strong> </strong></span> 
     </span>
    </p>
   </div>
  </div>
 </body>
</html>
