2154 3002
413 171 572 227 onnilo*
584 170 653 229 vii.
897 177 931 231 'll

125 282 216 350 ipsius
240 273 328 332 robis
344 275 579 338 commendarem,
603 273 750 330 dicendum
771 274 933 342 arbitrem,

126 351 286 408 verentem,
298 358 335 396 ne
350 358 412 394 cum
426 342 484 393 suis
500 356 560 394 eam
569 342 654 394 modo
665 357 698 393 eo
711 343 831 459 plropriis
844 342 933 394 leudi·
993 347 1005 360 ‘¹

127 413 181 466 bus
204 411 382 472 extulissem,
406 423 565 460 communes
586 415 680 460 temen
702 409 711 458 i
736 423 770 460 ee
791 410 933 465 nonnullis

129 494 163 530 ec
181 478 340 540 tralaticiee
359 473 530 528 viderentur.
565 474 654 528 Simul
666 481 759 528 eutem
771 475 842 528 illud
855 477 935 543 cogi·

128 545 236 608 tubam,
252 544 278 596 si
293 544 342 611 qui
356 541 479 594 nondum
488 541 688 608 pervidissent,
702 543 816 594 assidue
829 547 858 594 et
871 543 934 594 dili»

129 625 199 679 gens
219 609 317 661 herum
333 609 562 676 praeceptionum
580 609 712 660 tractatio
726 615 857 676 quantum
874 624 935 662 mo-

129 679 218 738 menti
230 675 333 728 habeut
345 675 382 727 ed
393 675 466 726 bene
478 675 616 741 beateque
629 675 789 739 vivendum,
808 675 883 740 iore,
901 683 936 730 ui

129 743 266 796 brevi'eis
279 757 331 808 pro
340 756 385 794 me
399 756 446 792 res
461 743 525 807 ipsa
538 741 712 808 loquereturr
731 755 766 794 ex
780 743 934 810 quemulto

128 810 160 862 id
180 815 231 862 eos
250 809 350 860 melius
372 807 517 876 multoque
538 808 706 875 perfectius,
727 824 810 877 quem
832 817 881 863 ant
898 823 936 862 ex
966 841 991 864 ιι

129 891 194 930 mea
212 881 261 927 eut
282 889 318 928 ex
336 875 498 942 cuiusquam
523 876 651 926 oratione
669 879 842 942 cognituros.
877 877 936 930 Sed

131 943 166 992 ab
178 955 212 993 ee
220 955 265 993 me
276 943 417 994 sententie
429 941 546 993 abduxit
555 943 707 993 amicorum
717 942 936 996 aliter->sentiens

129 1009 382 1072 tium'uuctoritas,
396 1008 444 1074 qui
457 1015 519 1059 cum
532 1009 588 1060 elie
601 1009 701 1070 multe,
714 1014 774 1059 tum
787 1007 840 1063 hoc
852 1019 885 1060 er
906 1023 936 1060 u·

107 1069 254 1126 'nnentum
281 1074 454 1136 attulerunti
476 1089 538 1126 cem
565 1073 635 1126 lreec
663 1075 727 1138 ipse
756 1023 937 1140 pidlosoplin

129 1141 299 1212 praecipiat,
313 1156 369 1191 non
382 1155 446 1195 esse
460 1143 587 1206 cuiquam
600 1147 706 1189 temere
716 1153 733 1189 e
743 1139 856 1217 publica
869 1153 938 1192 con·

130 1207 279 1258 suetudine
289 1205 488 1258 discedendum
494 1205 624 1268 ,miriime
632 1217 796 1266 conventre,
815 1205 861 1271 qui
874 1217 938 1262 eem

131 1288 163 1324 se
177 1274 344 1326 traditurum
356 1273 548 1340 profiteretur,
564 1284 627 1322 eum
637 1271 743 1336 inipso
758 1273 840 1336 quusi
851 1274 937 1324 vesti-

129 1339 196 1391 bulo
225 1339 303 1392 illius
330 1343 481 1407 praecepte
502 1338 640 1405 migrare.
678 1337 818 1399 Quocirca
845 1337 938 1392 dicam

129 1404 268 1458 hodierno
288 1403 333 1455 die
353 1404 477 1457 breviter
489 1409 518 1456 et
530 1405 641 1457 modice
656 1403 692 1456 de
709 1403 833 1458 moralis,
846 1403 937 1471 philo

127 1467 248 1537 'sophiae
264 1470 408 1534 leudibus,
437 1471 527 1540 deque
546 1470 700 1535 fructibus,
719 1483 790 1538 quos
808 1469 860 1521 ille
877 1473 937 1524 seis

130 1537 285 1592 cultoribus
293 1539 457 1606 pollicetur,
468 1535 520 1590 sed
529 1537 726 1606 philosophico
736 1537 839 1605 megin,
854 1551 937 1606 quem

130 1607 256 1658 oratorio
270 1617 363 1669 more,
378 1610 480 1656 nonut
492 1607 520 1658 ei
534 1605 936 1675 quidquemelieniullingenr,

129 1679 179 1725 aut
198 1687 274 1739 quae
287 1671 378 1740 ipsius
395 1673 508 1740 proprie
523 1677 609 1736 'sinit,·
628 1671 817 1739 amplificandi
835 1685 937 1724 ceusu

48 1781 51 1788 ,
128 1739 159 1790 in
177 1739 268 1790 maius
291 1738 437 1790 extollam:
464 1749 582 1806 quorum
605 1739 772 1791 alterutrum·
789 1738 824 1789 si⁴
840 1750 937 1804 coner,

129 1807 193 1872 ipsa
210 1803 279 1856 mihi
293 1803 484 1870 philosophie,
504 1811 535 1856 ut
549 1810 594 1857 est
603 1807 733 1858 veritatis
748 1819 858 1867 emens,
877 1811 938 1856 ten·
1028 1835 1034 1847 ·

131 1885 215 1938 quem
231 1869 333 1922 Achilli
351 1870 663 1937 Homerice'l'ellae*),
684 1885 796 1924 menum
814 1871 937 1936 iniiciet3

131 1937 182 1988 ned
201 1943 234 1988 ut
254 1937 330 1988 nudo
353 1951 387 1988 ec
409 1938 529 2005 simplici
552 1939 688 1990 cretionis
712 1951 830 2006 genere,
854 1937 937 2005 quale

130 2003 257 2054 veritatis
276 2003 418 2072 proprium
437 2019 500 2056 esse
519 2003 778 2071 eitEuripides**),
796 2018 846 2069 ee,
866 2017 937 2074 queo

130 2067 683 2134 edremiecereridebuntunexpoirem.
915 2095 917 2100 ·

164 2135 289 2187 Primum
307 2136 396 2203 igitur
413 2151 470 2190 non
492 2139 593 2188 ortium
614 2138 716 2200 modo,
739 2137 801 2190 sed·
814 2137 938 2190 omniunt

130 2202 243 2254 omnino
263 2200 443 2256 humanarum
462 2214 555 2254 rernm
571 2201 738 2267 dignitatem
755 2212 838 2270 etque
857 2217 938 2270 pree-

130 2269 262 2320 stantiam
272 2283 308 2320 ex
320 2269 386 2331 line,
400 2271 437 2322 ed
450 2284 532 2342 quem
546 2279 642 2318 earum
655 2266 782 2335 quaeque
795 2271 936 2336 dirigitur,

130 2349 267 2402 quemque
286 2335 341 2387 sibi
359 2337 502 2404 proponit,
520 2333 605 2400 pendi
623 2347 657 2383 ec
675 2336 797 2398 spectari
815 2337 939 2388 arbitror

131 2407 275 2468 oportere,
294 2407 339 2466 ut,
359 2409 461 2469 quanto
475 2403 610 2470 cuiusque
623 2399 687 2452 linis
700 2401 891 2467 praestantior
903 2415 936 2454 ec

166 2500 189 2556 ·)
205 2499 273 2544 uon.
282 2499 311 2546 11.
321 2491 392 2553 XXI,
402 2504 451 2548 eoo.

157 2569 189 2624 '')
201 2568 284 2637 Eurip.
302 2569 424 2614 Phoenin.
442 2571 490 2616 tie.
500 2545 572 2614 Bere,
587 2545 666 2622 enini,
681 2573 692 2616 i
705 2577 776 2626 μῦθος
787 2567 823 2624 τῆς
837 2563 937 2624 &inerim

129 2628 177 2684 Ιφυ.
196 2623 311 2680 dmmren,
327 2622 456 2670 Mareellm.
475 2623 543 2676 xiv,
563 2631 589 2672 1⁰
607 2625 721 2671 Veritetin
741 2627 801 2674 eninr
819 2621 936 2667 absolutes

130 2679 505 2740 urmoennporentsinplex.
551 2681 554 2688 '
618 2699 620 2704 ,
785 2699 791 2712 ·
