2154 3002
207 177 248 232 dd·
497 175 648 230 ORATIO
666 175 718 230 Vl.

207 293 275 332 vero
287 277 352 331 lesu
364 273 468 330 Christi
479 275 509 328 ia
521 276 604 328 terris
616 275 736 340 vicario,
747 275 904 330 certissimo
917 276 1000 344 Petri,
1059 277 1061 294 '

207 345 404 412 Apostolorum
418 343 563 423 principis,
573 341 743 405 successori,
763 345 902 395 communi
918 345 1000 398 totius

209 412 346 464 ecclesiae
363 409 536 462 christianae
551 409 659 476 pastori
671 424 704 460 ac
717 407 911 476 gubernatori,
930 411 1000 464 debi-

208 487 266 532 tam
282 477 470 530 obedientiam
485 491 536 528 suo
558 476 700 528 sueborum
718 475 830 526 nomine
847 483 1000 545 praestaret

209 552 291 612 abque
301 542 457 606 exhiberet,
470 543 576 610 tibique
587 548 669 610 atquc
680 539 744 596 huic
754 540 933 594 sacrosancto
946 545 999 596 col·

208 612 285 678 legio
299 609 489 672 confirmaret,
507 608 656 660 Antonium
667 621 763 674 regem
778 614 807 659 et
819 609 948 660 loannain
957 623 998 660 rc·

209 680 302 745 gisam
311 675 463 738 Navarraa,
474 675 604 727 uliveros
615 673 752 726 eeclesiae
762 673 835 727 tilios
846 674 938 736 dccet,
950 675 1000 727 tibi

209 755 319 808 semper
331 741 405 794 dicta
415 741 560 794 audientes
569 739 689 804 futuros,
697 755 733 792 ne
753 755 788 792 ue
798 740 882 792 ullam
891 741 1000 792 evenire
1045 771 1049 778 ·

209 823 293 876 posse
309 822 368 860 rem
380 814 500 872 tantam,
517 821 588 874 quae
600 807 678 872 ipsos
696 809 731 860 ab
767 807 830 862 uiua
846 814 957 860 sanctae
973 814 1001 859 et

210 874 383 944 apostolicae
405 873 482 927 sedis
500 873 678 926 observantia
694 879 723 926 et
735 873 770 926 ab
784 888 832 938 ea,
852 888 932 941 quam
950 873 1004 924 sibi

210 957 261 1010 per
279 956 375 995 manus
393 955 412 992 a
430 940 583 997 maioribus
601 940 732 991 traditam
751 955 857 992 summa
873 939 1002 992 firmitate

211 1024 245 1061 ao
258 1008 413 1062 constantia
424 1011 560 1076 perpetuo
572 1007 758 1070 retinuerunt,
771 1009 951 1071 persuasione
964 1005 1002 1057 di-

211 1075 305 1128 ve'llat.
339 1075 395 1129 llic
406 1089 471 1143 ego,
485 1074 646 1126 beatissime
657 1073 754 1133 Pater,
764 1073 790 1122 si
800 1071 934 1124 orationis
943 1072 1005 1123 vela

213 1142 335 1210 pandere
355 1149 384 1195 et
402 1141 481 1209 quasi
499 1147 596 1208 aperto
614 1140 740 1190 invectus
758 1139 898 1205 mariper
910 1151 1005 1188 eorum

213 1208 368 1328 principum
381 1207 491 1272 laudes,
506 1220 623 1287 quorum
632 1206 742 1256 nomine
753 1204 825 1270 apud
834 1210 863 1256 te
872 1201 1007 1282 resbais·
1060 1259 1061 1282 ¹

215 1277 274 1341 cia,
314 1289 442 1328 ocurrere
454 1277 612 1334 instituam,
626 1283 740 1333 vereor,
753 1283 802 1332 ne,
821 1285 882 1322 eum
896 1269 1008 1322 dicendi

213 1343 378 1412 principium
393 1340 439 1392 vel
450 1333 584 1390 facillime
598 1348 743 1402 reperero,
762 1336 866 1388 exitum
883 1334 1007 1401 reperire

214 1411 392 1476 nonpossim.
426 1403 497 1458 Nam
507 1419 577 1473 quae
586 1399 1008 1466 tandemaominaripotestullo
1060 1399 1061 1426 l

214 1475 244 1528 in
263 1488 365 1543 genere
383 1473 484 1534 virtus,
503 1483 574 1539 quae
593 1469 694 1520 nonin
713 1479 808 1516 eorum
826 1471 944 1528 utroque
968 1467 1011 1519 ita

216 1544 348 1602 emineat,
359 1545 389 1592 ut
398 1539 433 1591 ad
461 1548 631 1600 uamcunque
642 1548 672 1584 se
684 1531 746 1598 quia
759 1529 850 1582 auimo
865 1535 894 1580 et
903 1530 1011 1598 cogita:

215 1609 292 1660 tione
303 1608 485 1666 converterit,
505 1599 657 1654 eudemum
670 1595 807 1649 excellere
821 1610 854 1646 ac
867 1604 1010 1664 praestare

215 1673 376 1727 videanturl
393 1669 450 1723 Sed
466 1667 596 1733 quoniam
614 1669 644 1715 et
663 1662 716 1729 ipsi
742 1676 793 1715 noo
812 1659 866 1715 hoc
884 1669 1010 1734 tempore

217 1755 283 1799 suae
292 1739 374 1792 modo
384 1733 534 1787 voluntatis
546 1731 725 1797 interpretes,
738 1743 795 1781 non
805 1731 889 1784 etiam
898 1747 1011 1784 suarum

215 1808 327 1861 laudum
346 1802 530 1868 explicatores
545 1809 607 1848 esse
619 1796 779 1862 voluerunt,
798 1804 939 1852 eteorum
955 1797 1011 1850 sir·

215 1883 270 1934 tus,
282 1869 392 1922 excelso
404 1871 487 1930 atque
497 1862 602 1917 illustri
611 1863 752 1927 sitalooo,
761 1867 829 1918 satis
838 1866 960 1934 ipseper
969 1878 1011 1926 se,

215 1939 292 1991 nullo
303 1931 427 1988 adhibito
437 1931 545 1982 alienae
555 1928 770 1997 praedicationis
779 1931 892 1994 lumine,
905 1931 934 1980 in
945 1944 1011 1982 ocu-

214 2005 259 2056 los
270 1999 391 2052 omnium
399 1997 528 2062 incurrit,
536 1996 682 2051 laudandis
691 1997 769 2066 ipsis,
780 1998 855 2066 quod
863 1997 1012 2049 verissimo

215 2084 248 2122 ac
257 2065 450 2133 copiosissime
457 2062 551 2118 facere
560 2079 680 2132 possem,
692 2065 892 2132 supersedebo:
902 2069 1013 2114 tantum

216 2149 251 2186 ex
259 2131 400 2185 veteribus
412 2129 538 2185 historiis
551 2131 684 2184 nonnulla
695 2131 847 2198 proteram,
860 2137 896 2181 ex
909 2127 1013 2195 quibus

214 2199 399 2267 intelligatur,
414 2205 443 2252 et
452 2200 486 2250 ab
495 2200 530 2250 iis
540 2198 605 2251 illos
617 2205 694 2252 ortos
708 2212 770 2250 esse
784 2193 934 2248 maioribus
942 2198 974 2244 et
983 2189 1014 2246 in

216 2281 312 2320 eorum
327 2280 395 2334 opes
409 2271 491 2334 atque
504 2267 622 2334 imperia
633 2266 816 2323 successisse,
831 2260 879 2327 qui
891 2257 947 2310 sibi
961 2274 1013 2326 po·

216 2335 298 2388 steria
318 2347 353 2384 ue
368 2333 426 2386 suis
441 2333 638 2402 amplissimam
651 2331 769 2397 gloriam
781 2326 857 2377 nulla
868 2337 899 2376 re
909 2340 954 2376 mu
979 2328 1014 2390 's,
1059 2399 1060 2402 Ἴ

217 2349 356 2471 quanqtra
375 2401 473 2469 geudis
483 2415 516 2452 ae
530 2396 673 2451 domandis
683 2401 795 2446 nostrae
804 2392 951 2462 religionis
984 2411 1014 2449 n.
1059 2403 1060 2460 ξ

217 2468 306 2522 stibus
328 2417 556 2532 dellendendaque
584 2459 848 2531 apostolicaesedis
872 2461 1014 2530 dignitato
1059 2463 1060 2501 l

216 2541 391 2604 pepererunt.
425 2533 495 2596 Quis
515 2536 560 2582 est
576 2531 649 2580 enim
669 2529 711 2578 ita
732 2529 836 2580 vetaris
858 2530 1015 2582 memoriae

216 2605 342 2672 ignarus,
357 2602 434 2654 ltaln
443 2597 617 2666 superiorum
631 2601 686 2645 tem
708 2608 786 2645 orum
795 2591 921 2658 historiis
931 2609 1015 2664 pere·

219 2671 315 2738 grinus
328 2674 411 2735 atquc
425 2665 539 2733 hospes,
556 2663 603 2731 qui
616 2676 671 2716 uon
708 2661 905 2730 iviLudoviei,
916 2663 1014 2716 Gallo·
1057 2727 1059 2738 Ι
