2146 3008
81 157 82 162 ,
179 117 231 170 25⁰
434 115 589 169 ORATIO
607 112 718 168 XXlV.

178 214 330 271 illatorum
345 216 466 281 omnium
479 215 641 268 moderator
653 215 742 278 Deus,
760 215 788 268 in
804 215 845 268 eis
855 217 973 283 plerom-
1064 233 1069 266 i

148 295 156 302 ’
179 300 233 354 que
253 284 340 336 virtus
359 299 416 336 non
431 289 575 349 exspectat
593 297 694 343 annos,
714 284 922 350 sapientiaeque
935 299 973 336 se·
1068 285 1069 290 ’

178 351 291 404 minoia
308 365 404 402 eorum
419 350 517 400 animis
532 355 560 400 et
568 347 810 414 'comprehendunt
824 350 933 401 facilius
948 357 974 404 et

179 419 371 484 tempestivius
395 417 567 470 adolescunt.
599 415 659 484 lani
682 431 753 482 quae
776 417 836 467 laus
860 419 888 467 in
913 417 973 471 tiliis

178 485 335 554 praecipua.
347 489 402 546 est,
424 484 583 548 reverentia
599 483 731 542 aduersus
746 491 876 548 parentes
890 490 918 535 et
931 499 974 536 eo·

178 566 239 603 rum
257 554 416 617 praeceptis
429 567 462 602 ac
480 550 593 602 monitis
613 549 859 616 obtemperatio*),
881 550 973 602 cailla

178 619 219 670 ita
236 619 389 686 praestitit,
412 623 444 668 ut
463 628 599 684 nunquam
623 618 733 667 omnino
753 631 843 684 neque
862 617 972 684 privatis

179 699 268 750 neque
286 685 404 750 publicis
418 685 447 734 in
461 687 545 736 rebus
560 683 686 734 volontas
699 683 788 749 ipsius
802 699 818 734 a
833 683 973 750 sapientis·
1068 707 1069 716 ,

178 751 264 802 simae
283 751 379 800 matris
395 751 514 802 consilio
530 750 709 816 discreparitl
724 747 817 810 ouidi
834 752 863 800 iii
875 749 972 799 fratres
1068 781 1069 784 =

178 824 282 946 prante
300 831 435 884 quamque
450 832 481 868 se
495 818 570 868 omni
584 831 618 868 eii
635 822 712 884 parte
726 818 846 884 prodens
861 813 974 868 caritasl

158 891 161 909 ‘
205 884 261 938 uod
271 890 301 936 et
309 899 419 950 semper
430 884 500 934 alias
515 885 655 950 cognitum
669 890 726 946 est,
741 889 768 935 et
780 884 904 950 proxime
915 895 975 934 eum
1068 897 1069 900 ’

178 951 213 1004 ab
223 951 340 1002 ilenrici
350 952 426 1018 regis
437 952 466 1001 in
475 950 620 1002 Poloniam
632 952 835 1016 proficiscentis
849 949 975 1017 amplexo

178 1019 264 1070 avelli
274 1033 328 1068 non
339 1023 461 1083 poterat,
477 1032 563 1084 seque
574 1033 591 1068 a
601 1018 657 1068 vita
665 1019 798 1086 relinqui,
814 1017 886 1084 quod
898 1017 931 1068 ab
942 1029 974 1068 eo

177 1085 397 1151 relinqueretur,
411 1085 534 1150 putabat.
568 1083 611 1134 De
626 1088 730 1152 pietate
740 1092 830 1136 autem
841 1085 869 1134 in
879 1083 976 1145 Deum,
1068 1107 1069 1114 1

179 1158 208 1204 et
218 1151 252 1204 de
262 1151 456 1204 ardentissimo
469 1151 573 1214 studio,
583 1153 663 1218 *quod
674 1167 782 1218 semper
791 1151 900 1214 habuit,
914 1165 977 1202 coii-
1068 1195 1069 1198 ,

179 1219 332 1272 servandae
354 1231 387 1270 oc
414 1219 611 1285 propagandae
640 1218 795 1271 catholicoe
821 1217 977 1286 religionis,

179 1286 246 1352 quid
257 1301 310 1353 ego
321 1300 392 1336 nunc
402 1285 482 1350 plura
491 1287 658 1352 praedicem,
669 1292 716 1338 aut
727 1285 793 1353 quid
802 1301 847 1337 res
858 1287 886 1336 in
898 1295 978 1336 omne

179 1361 277 1404 aerum
288 1353 408 1404 omnium
422 1353 587 1417 scriptorum
599 1353 712 1420 ingenia
723 1354 773 1404 foti
796 1360 888 1404 aturas
899 1365 979 1402 exor-

150 1447 154 1452 -
179 1433 246 1472 aare
260 1420 289 1469 iii
303 1417 354 1469 hac
372 1418 567 1470 mediocritate
581 1420 688 1485 ingenii
702 1428 730 1470 et
745 1421 773 1472 iii
806 1422 830 1470 is
844 1418 979 1486 temporis

178 1485 317 1554 angustiis
336 1485 436 1536 coiiert
455 1485 506 1535 Cui
520 1489 594 1536 enini
609 1489 734 1552 ignotum
749 1493 852 1537 estant
866 1489 911 1538 cui
931 1499 981 1536 no·
1066 1487 1069 1514 ‘³

179 1553 234 1602 tius
249 1566 330 1615 quam
345 1551 407 1611 tibi,
418 1552 577 1607 beatissime
588 1551 684 1612 Pater,
700 1551 832 1616 vobisque
844 1553 983 1614 omnibus,

179 1615 277 1668 Patres
288 1615 462 1680 amplissimi,
477 1629 547 1678 quos
561 1615 609 1664 ille
623 1615 734 1664 labores
748 1618 907 1680 peitulerit,
922 1618 984 1686 qui·

178 1681 229 1732 bus
253 1679 462 1730 difficultatibus
487 1678 662 1728 conflictatus
682 1681 731 1742 sit,
758 1695 827 1748 quae
853 1683 987 1747 pericula
1067 1719 1069 1730 ι

93 1795 96 1802 ,
175 1745 306 1806 subierit,
322 1745 420 1811 quibus
434 1742 540 1796 damnis
555 1759 586 1795 se
599 1760 769 1814 regnumque
783 1763 863 1798 suuni
878 1757 984 1816 sponte

177 1812 348 1874 multaverit,
368 1811 431 1862 duni
445 1811 552 1878 quidvis
567 1813 654 1864 satius
668 1828 731 1864 esse
745 1815 832 1878 ducit,
853 1831 935 1884 quam
951 1823 985 1872 ut

160 1887 163 1892 ’
176 1879 325 1946 quidquam
337 1878 480 1942 incultis,
494 1894 525 1932 se
535 1880 612 1943 viro,
629 1880 663 1932 de
677 1879 850 1934 Christianae
864 1885 983 1952 religio·

173 1947 218 1998 uis
238 1946 401 2014 integritate
418 1947 606 2000 minuereturl
626 1947 679 2010 Qui
713 1956 764 2002 uot
778 1966 865 2004 annos
878 1965 981 2018 regna·

174 2014 226 2077 rit,
237 2015 355 2066 totidem
370 2015 545 2068 continenter
557 2031 607 2082 pro
623 2017 687 2067 fidei
695 1966 862 2070 leiensioue
874 2033 981 2088 pugna·

174 2082 222 2132 rit}
257 2081 368 2134 Etenim
381 2087 456 2134 tetra
468 2083 519 2134 illa
532 2083 606 2134 natio
622 2086 792 2150 perditorum
804 2100 836 2136 ac
846 2085 980 2154 profliga-

110 2171 111 2175 ¹
160 2157 265 2200 ¹torum
286 2147 439 2211 hominurn,
462 2151 509 2216 qui
529 2149 673 2204 fraudibus
692 2167 725 2202 ac
744 2151 895 2204 mendaciis
916 2151 980 2207 suis

173 2231 260 2283 nuper
274 2217 404 2284 delapsae
419 2219 453 2269 de
467 2219 547 2272 coelo
563 2224 592 2269 et
604 2219 659 2270 sibi
675 2219 744 2270 solis
759 2219 916 2286 patefactae
929 2233 980 2270 re·
1068 2209 1069 2226 ¹

143 2302 155 2330 ·.
172 2285 265 2336 sitatis
283 2300 384 2338 nonieii
403 2283 568 2348 obtendunn
587 2287 647 2352 qui,
667 2287 742 2352 quod
762 2286 797 2336 ad
813 2287 906 2354 legem
919 2283 981 2338 Dei

174 2351 341 2417 cupiditates
361 2367 425 2402 suas
445 2351 566 2420 dirigere
580 2359 742 2420 gravantur,
761 2354 853 2420 legem
865 2353 922 2404 Dei
941 2351 981 2406 ad

173 2418 341 2484 cupiditates
356 2433 421 2470 suas
432 2418 598 2486 detorquere
613 2425 759 2482 conantum
778 2423 895 2537 querum
910 2433 981 2472 con·

173 2487 341 2551 spirationes
357 2486 586 2538 subllcnricoll.
600 2486 699 2550 initae,
718 2487 768 2538 sub
801 2488 930 2546 ranciaco
940 2485 982 2540 11.

200 2566 229 2634 ·)1
239 2567 280 2635 Οἱς
290 2567 399 2636 ἀοιιοςς,
409 2573 428 2610 1.
440 2571 474 2610 15.
484 2567 576 2613 Iustitia
589 2573 625 2627 cit
634 2570 800 2628 obtemperatio
814 2571 910 2628 scriptis
918 2569 982 2626 legi·

172 2620 215 2664 bui
223 2626 380 2682 institutisque
389 2623 532 2682 populorum
