2156 3008
340 188 491 243 οιιιτιο
508 187 606 243 xvu.
822 193 872 246 rm
955 161 956 166 ‘

106 293 248 348 Existimo
260 291 347 360 igitur
357 290 464 352 duobus
476 289 571 343 verbio
583 287 780 358 comprehendi
789 305 873 360 poree

71 377 173 415 munus
186 361 247 412 eius
258 361 305 427 qui
315 359 408 412 docet:
426 357 574 438 ridendom
588 359 660 409 enim
675 360 702 410 ei
715 373 792 440 esee,
807 359 872 476 Ἧιίἀ

72 431 177 482 docent
200 434 230 477 et
250 425 399 492 quomodo.
434 424 516 476 Pnue
531 425 602 477 illud
627 439 691 476 eam
706 441 760 476 rim
778 424 813 476 bn
833 433 872 476 et:

73 489 224 546 curandum
243 507 306 544 enee
326 493 364 554 ei,
382 491 498 557 primum
512 497 544 543 ut
555 506 622 543 rere
636 493 750 554 docent,
771 499 829 543 turn
842 500 873 543 ut
961 493 965 496 '

72 560 189 632 proprie
198 559 258 609 eius
269 561 349 623 ertit,
361 559 389 608 in
400 563 601 625 quererentur,
616 565 663 610 eut
676 565 752 610 certe
766 573 827 609 cum
837 572 871 610 eo

93 627 150 678 uod
160 629 251 690 egitur
261 626 408 676 coniuncte
418 631 446 676 et
456 623 642 676 cohaerentia.
670 625 873 677 Moducuutem

75 645 194 758 docendi
214 693 239 741 is
259 697 313 753 est,
333 697 365 742 ut
382 692 525 759 perspicue
542 691 656 743 docent:
678 693 752 758 quod
767 683 872 743 duobus

74 759 327 820 rcbusconiicitur,
342 758 439 807 ordine
449 765 477 808 et
487 771 590 823 genere
600 759 735 810 sermonis
745 758 835 810 adres
846 773 872 809 e·

75 825 218 878 nudandae
227 823 446 876 etenucleandne
454 825 672 876 accommodato.
693 825 772 878 Haec
780 825 873 876 omnia

76 893 272 960 quiprnestet,
290 897 322 940 ut
334 891 363 940 in
377 889 502 940 docendo
517 894 546 939 et
558 904 625 940 vern
638 891 730 941 tradet
745 897 773 942 et
788 891 871 958 pcrti-

76 958 170 1010 nentia
182 957 218 1007 nd
229 971 290 1007 enm
303 961 405 1016 artem,
423 969 504 1024 quam
517 955 614 1017 docet,
634 961 663 1005 et
676 970 710 1006 en
721 957 763 1012 ita
776 957 884 1008 distin·-

76 1030 153 1091 gunt,
163 1030 193 1082 ut
203 1039 253 1074 suo
264 1023 385 1100 quidque
395 1021 458 1072 loco
469 1021 578 1086 digerat
589 1037 621 1072 nc
632 1021 765 1082 collocet,
775 1029 804 1073 et
813 1037 871 1074 ver·
950 1057 959 1066 ,

76 1091 120 1142 bie
129 1089 262 1205 propriis,
276 1085 510 1153 significantibus,
525 1087 559 1136 ab
573 1099 682 1148 eorum,
697 1088 744 1153 qui
757 1082 826 1152 p'ure
839 1102 872 1138 nc

77 1156 163 1208 nitide
196 1159 346 1220 epuratur,
370 1152 569 1204 consuetudine
587 1167 644 1203 non
661 1151 872 1204 abhorrentibus

77 1221 179 1272 efferat
187 1226 269 1286 ntque
283 1218 442 1284 eloquetur,
453 1218 504 1268 eie
526 1233 543 1267 o
554 1217 744 1270 nihilomnino
756 1218 791 1268 nd
800 1233 872 1270 cum·

76 1289 116 1342 mi
133 1302 167 1337 nc
182 1284 301 1351 perfecti
316 1283 440 1336 doctoris
456 1232 567 1336 laudem
583 1285 681 1342 decere
699 1289 805 1346 ctntu03
825 1284 873 1350 qui

78 1359 184 1413 nutem,
202 1365 262 1402 cum
278 1365 312 1400 en
324 1350 407 1417 plene
420 1349 531 1418 quidem
547 1357 579 1404 et
590 1351 717 1402 absolute
748 1355 872 1402 rnentare

77 1435 134 1472 non
147 1431 230 1485 ponec
245 1422 434 1485 congnoscat,
448 1430 482 1469 co
495 1423 590 1468 tamen
598 1415 730 1484 quidquid
759 1414 823 1466 abet
834 1416 873 1466 vi·
961 1463 964 1472 ,

78 1488 150 1538 riu'm
164 1483 284 1548 confert,
297 1491 328 1536 ut
339 1483 374 1536 ad
388 1497 437 1536 een
450 1483 547 1536 lunden
556 1499 638 1552 quom
648 1488 740 1552 potest
748 1484 872 1564 proxime

79 1553 207 1614 accedat,
222 1552 411 1620 dignissimum
427 1566 503 1615 esee,
517 1553 596 1606 cuius
606 1550 818 1604 honcetieunioc
828 1561 873 1600 co·

80 1625 160 1670 natus
171 1619 367 1672 etindustricm
377 1619 413 1670 nd
421 1619 564 1737 plirneclnrn
572 1619 730 1672 tendentem
738 1618 874 1670 bonorum

81 1686 202 1737 omnium
233 1693 362 1754 erpetuue
371 1701 423 1754 epp
436 1703 520 1740 nunus
531 1686 748 1754 approbetioquc
761 1685 874 1736 comite·

55 1773 59 1780 ·
80 1757 134 1804 tur.
168 1752 199 1804 ln
213 1702 258 1804 hin
277 1754 403 1806 omnibus
421 1755 498 1805 reric
516 1761 659 1821 peccatum
678 1768 742 1806 eene
757 1751 839 1803 video
857 1765 875 1802 a

81 1818 174 1870 multis
189 1832 297 1882 eorum,
311 1820 359 1885 qui
371 1820 587 1886 quadringentos
600 1820 659 1873 iero
673 1819 773 1872 abhinc
787 1832 891 1877 mmor⁴

81 1885 126 1937 inc
139 1885 221 1936 uirile
236 1890 401 1964 tructarum:
420 1899 535 1950 qnorum
553 1888 637 1938 etiam
651 1885 778 1938 nonnulli
796 1891 873 1936 tanto

81 1950 874 2084 tuitii:iiiitttditttt‘tit'itti:

82 2081 213 2135 contineri
222 2087 341 2147 putetur.
376 2078 445 2142 Nam
458 2086 487 2132 et
495 2082 581 2132 multa
590 2096 673 2147 saepe
682 2099 732 2152 pro
742 2085 815 2134 reris
825 2083 874 2133 inl·

83 2165 115 2201 ce
123 2149 290 2210 docuerunt,
304 2153 333 2198 ct
345 2145 515 2198 referserunt
524 2147 611 2198 libros
623 2163 688 2198 euos
699 2150 874 2212 alienissimi·
914 2162 917 2168 ·

82 2213 300 2286 quaestionibus,
311 2220 339 2266 et
348 2214 408 2264 cino
418 2213 476 2264 ullo
487 2211 583 2264 ordine
594 2211 685 2264 omnin
694 2211 875 2286 tradiderunt,

83 2289 112 2333 et
130 2297 192 2334 cum
210 2282 297 2332 latine
309 2280 387 2348 loqui
403 2279 555 2341 nescirent,
575 2293 675 2330 norum
692 2280 829 2346 quoddam
848 2287 877 2332 et

82 2355 268 2400 monstrosum
279 2347 332 2400 eibi
344 2347 534 2398 confinxerunt
544 2347 573 2397 io
594 2345 676 2407 pendi
686 2361 788 2426 genus,
797 2352 840 2408 ut,
852 2346 874 2396 ci

81 2421 191 2467 veteres
209 2415 253 2466 iili
270 2415 360 2468 Paulli
376 2420 404 2465 et
416 2414 524 2480 Ulpiani
540 2420 568 2465 et
606 2413 726 2480 opinioni
744 2420 773 2464 ct
791 2413 876 2463 ceteri

81 2481 150 2536 iuris
164 2483 302 2534 antistites
315 2482 494 2542 reviviscent,
512 2480 606 2532 multi·
620 2480 816 2546 interpretibus
835 2479 876 2528 ein

82 2563 152 2616 opus
162 2548 284 2600 futurum
297 2549 334 2600 nit
348 2547 382 2599 nd
397 2562 459 2610 eos,
473 2547 521 2614 qui
530 2548 634 2621 epripta
644 2563 694 2598 sua
703 2545 878 2614 interpretati

81 2619 158 2677 cunt,
170 2615 378 2684 intelligendos.
411 2615 450 2664 Ac
465 2628 514 2664 cur
528 2613 603 2686 iplffi„
613 2614 722 2682 quidem
736 2629 786 2681 pro
802 2613 876 2664 reric

82 2679 345 2800 nffiidennt,⁰non
367 2681 526 2754 negaverim
554 2681 625 2734 alias
642 2697 761 2802 ἧιοςιιι
788 2679 876 2734 fuisse

150 2761 246 2802 duur.
293 2763 321 2800 ιι.
507 2759 512 2784 t
554 2795 558 2800 .
