2156 3008
353 180 504 256 onn'rr'o
522 203 606 256 xus
771 245 773 250 .
830 209 878 263 sss

82 308 205 388 perfecit
231 305 308 360 Idem
317 304 428 356 tandem
438 305 590 357 eritenitus
598 303 696 356 borum
704 307 879 369 tumultuum,

85 379 130 447 qui
144 377 196 428 fuit
210 391 319 434 eurum,
335 388 404 441 quos
421 371 488 422 olinr
500 372 664 437 dlblgenses
679 373 712 422 D.
727 375 880 426 illudovici

82 443 250 510 temporibus
260 439 443 491 concitarunt.
471 437 627 490 Duodecim
635 448 811 494 unnosaatus
820 451 882 495 erat

86 515 119 564 l).
129 509 313 568 illudovicus,
328 504 437 556 eumad
452 519 566 572 regnum
579 512 694 558 vocatus
710 515 762 558 est.
798 509 882 560 Caro-

85 579 152 638 lum,
168 576 308 641 aliquanto
321 573 403 623 etiam
416 572 550 621 minorem
566 578 645 634 natu,
657 572 752 628 fratris
766 589 840 626 mors
853 577 883 626 iu

82 645 161 712 ¹regio
181 643 253 694 solio
273 639 431 691 collocavit.
467 640 537 688 Tum
555 637 672 703 Blauea,
692 641 768 708 regis
784 649 881 702 nister,

87 719 117 762 et
132 710 216 759 lilium
235 707 408 758 sanctissime
427 705 575 766 educabat,
590 712 619 756 et
632 715 746 774 propter
758 715 882 766 teneram

84 777 160 828 illius
173 781 305 835 aetatem,
317 775 378 839 ipsa
391 771 509 822 Galliam
522 773 740 828 administrabat.
774 776 882 832 Horum

87 857 225 896 munerum
239 847 356 905 utroque
370 841 411 890 ita
421 837 569 888 catharina
582 839 727 905 perfuncta
740 849 792 905 est,
806 849 838 894 ut
853 858 882 894 ο.

84 923 161 968 mues
174 907 244 959 nibil
256 905 408 974 perfectius
419 905 480 954 lieri
489 905 614 979 potuisse
625 905 777 962 fateantsu,
812 911 883 962 Tum
980 931 982 941 i

86 977 260 1043 ,albigensem
281 973 427 1039 pueritiam
443 972 519 1039 regis
536 973 712 1024 occasionem
728 990 805 1029 suam
820 977 883 1038 rati,

88 1044 178 1096 omnia
187 1043 216 1092 in
226 1041 318 1092 Gallia
327 1040 495 1108 permiscere
506 1045 654 1101 tentarunt.
688 1040 884 1108 Albigeusihus

30 1117 32 1122 '
86 1110 172 1164 multo
185 1109 316 1159 tetriores
330 1112 487 1158 nostrorum
502 1111 658 1170 temporum
668 1104 819 1170 haeretiei,
839 1124 884 1158 ea-

87 1180 148 1248 dern
160 1191 208 1242 ape
220 1173 323 1236 delusi,
333 1187 428 1240 regem
439 1187 538 1238 regno,
549 1186 664 1238 aegeum
673 1173 812 1239 religione
822 1190 884 1240 spo-

86 1247 154 1298 liare
165 1242 337 1294 studuerunt.
373 1239 417 1290 llli
436 1253 496 1289 cum
514 1253 597 1304 saepe
612 1239 678 1292 victi
691 1254 780 1306 neque
791 1243 885 1306 ‹quies-

87 1325 162 1371 cere,
183 1323 270 1374 neque
289 1306 324 1357 acl
343 1307 490 1358 sanitatem
509 1305 601 1361 redire
620 1305 735 1367 vellent,
754 1307 883 1362 exstincti

55 1423 58 1428 .
85 1377 196 1429 tandem
217 1375 357 1440 deletique
377 1379 448 1423 sunt.
483 1370 547 1424 Non
566 1371 622 1435 alia
640 1371 691 1426 bos
705 1386 814 1440 quoque
828 1372 885 1424 for-

81 1454 164 1504 tuna,
180 1443 235 1493 nisi
246 1441 423 1506 resipiscant,
439 1448 632 1506 consequetur..
666 1439 708 1499 Ad
721 1453 831 1496 errores
841 1440 885 1494 Al-

85 1509 242 1578 bigensium
262 1506 445 1560 confutandos
466 1513 494 1557 et
509 1507 545 1557 ad
557 1507 709 1562 multorum
723 1507 829 1560 animos
844 1507 885 1562 eis

84 1575 246 1633 liberandos
259 1573 294 1624 D.
303 1573 443 1624 Dominici
455 1575 607 1626 conciones
623 1580 652 1628 et
666 1575 740 1628 vitae
750 1575 885 1630 sanctitas

81 1641 288 1702 incredibiliter
300 1639 472 1708 profuerunt.
887 1667 889 1672 ·

113 1709 181 1764 ‚Non
192 1710 280 1760 minus
292 1715 328 1770 te,
339 1708 499 1759 beatissime
511 1707 605 1773 Pater,
616 1709 664 1777 qui
674 1714 702 1762 et
711 1709 740 1764 in
749 1703 890 1763 D.Domi-'

84 1779 141 1832 aiei
155 1775 263 1835 familia
275 1776 408 1826 educatus
423 1789 453 1824 es
467 1782 496 1825 et
507 1776 586 1831 illum
599 1777 722 1831 moribus
733 1775 838 1839 refers,
857 1784 886 1828 et

83 1843 221 1916 singulari
237 1843 265 1892 in
279 1856 329 1893 nos
340 1840 392 1892 Dei
405 1841 542 1892 beneficio
557 1859 689 1898 sum-mam
699 1844 727 1894 in
741 1843 825 1900 terris
838 1857 884 1894 au·
940 1850 944 1856 '

82 1912 244 1964 ctoritatem
256 1909 377 1969 obtines,
389 1909 505 1958 Carolus
518 1923 568 1960 rex
582 1911 616 1962 ad
627 1909 679 1962 bos
693 1911 829 1968 exitiosos
843 1924 884 1961 er·

78 1973 695 2042 rorestollendosprofutiuumesseeonlidit.
720 1974 885 2030 Noriteniua

79 2044 217 2104 eximiam
234 2043 423 2108 iutegritatem
439 2044 512 2094 ritae
533 2043 708 2105 tuaer'novit
722 2051 886 2112 perpetuum

82 2109 246 2180 purgandae
256 2119 258 2123 ·
269 2109 405 2160 eeclesiae
425 2110 557 2172 studium3
567 2109 658 2173 *novit
670 2107 782 2164 labores
798 2111 827 2162 in
839 2126 886 2164 ex·
915 2099 919 2112 ⁵
955 2139 966 2150 ι

82 2176 237 2244 stirpandis
257 2174 419 2226 haeresibus
438 2175 472 2226 ab
489 2177 602 2225 ineunte
619 2180 711 2229 aetate
728 2192 808 2228 susce
828 2184 885 2242 tos;

81 2245 166 2297 novit
176 2245 294 2294 animum
303 2241 374 2292 nihil
384 2243 438 2294 uisi
449 2242 482 2292 de
490 2241 552 2292 lleo
564 2241 636 2294 etde
648 2242 766 2300 utilitate
776 2193 887 2309 publica

81 2313 266 2378 cogitantem.
301 2308 397 2376 Neque
411 2310 514 2361 nostris
525 2311 622 2377 ignota
631 2313 707 2370 sunt,
722 2324 791 2376 quae
804 2317 835 2360 tu
851 2310 884 2360 ad

80 2393 181 2430 mores
202 2375 342 2430 hominum
357 2377 540 2442 corrigendos
553 2385 581 2428 et
597 2376 631 2427 ad
646 2374 822 2429 auferendam
836 2379 885 2428 lm·

77 2442 181 2517 probis
193 2457 301 2493 omnem
312 2442 492 2494 maledicendi
504 2445 680 2494 occasionem
691 2450 719 2496 et
727 2443 782 2499 iam
792 2441 885 2498 fecisti

79 2521 111 2563 et
121 2510 251 2578 quotidie
259 2507 338 2562 fucis.
374 2510 684 2572 Beli-enataslibidines‚
694 2524 849 2578 repressam
858 2518 886 2560 et

78 2578 238 2630 cohibitam
252 2576 401 2639 luxuriam,
417 2577 531 2644 expulsa
544 2579 684 2658 inequitiae
694 2579 885 2640 indumenta,

76 2645 224 2697 sublatam
245 2644 356 2709 penitus
383 2659 491 2694 onmem
516 2645 768 2696 ecclesiasticarum
795 2654 885 2694 rerum

77 2710 327 2774 nundinationem,
345 2711 514 2779 compositos
529 2712 643 2766 etiussu
658 2719 686 2782 et
700 2711 826 2780 exemplo
837 2719 885 2761 tuo
