2146 3008
317 157 588 229 onnmoxmr.
765 203 771 218 2
828 177 879 230 ann

72 281 206 350 pontione
220 277 373 346 captavit.
406 275 470 338 Quo
480 277 534 330 tibi
543 277 651 344 gratior
664 288 726 330 ense·
735 293 741 305 ’
750 277 833 330 debet
845 292 879 332 ac

72 348 223 400 iucundior
232 345 397 414 gratulatio,
416 359 488 410 quae
498 345 550 396 tibi
563 343 699 396 hodierno
709 344 758 395 'dic
772 345 804 395 fit
817 345 879 397 eiua

72 416 151 482 regia
165 415 291 475 nominc,
303 413 351 480 qui
361 427 435 473 cum,
446 425 497 480 pro
510 410 669 464 incredibili
683 412 777 464 studio
793 419 878 478 atque

74 480 254 542 observantie
267 493 335 546 erga
347 485 376 530 te
389 495 452 541 aua,
467 480 571 546 primun
584 477 769 532 omniumhoc
784 479 876 532 cilicio

73 549 154 616 fungi
162 553 287 612 cuperet,
297 548 333 598 iis
341 553 433 600 tamen
444 547 661 609 difficultatibus,
669 561 739 614 quae
751 546 877 599 omnibus

73 623 159 668 notae
169 619 242 676 aunt,
251 614 410 680 impeditus,
421 629 476 666 nou
485 614 562 679 prius
572 613 622 664 tibi
633 614 768 680 gratulari
777 613 877 683 potuit,

75 697 157 750 quam
168 681 262 732 divino
273 681 392 734 consilio
404 681 534 748 contigit,
546 687 577 732 ut
589 683 682 748 poncia
690 687 720 734 tu
730 695 839 749 quoquc
850 681 878 732 cl

74 749 199 802 vicisnim
208 761 273 798 vere
285 763 318 800 ac
328 751 428 800 intrito
438 748 582 814 gratulari.
617 749 678 800 Etsi
688 757 793 814 autem,
806 763 878 816 quae

74 817 201 885 proxime
214 815 243 866 in
254 815 347 866 Gallia
361 829 411 881 pro
425 813 564 880 religione
577 821 658 882 gesta
671 821 747 878 sunt,
763 823 879 883 proptor

75 897 210 936 summam
220 883 296 934 illius
306 883 386 948 regni
396 881 661 948 nobilitatemutque
670 883 878 948 amplitudinem

76 957 137 1003 toto
148 950 204 1000 iam
217 949 285 1001 orbe
299 947 486 1011 caletrautur,
500 963 589 1015 neque
602 948 682 999 locun
696 965 785 1016 neque
796 951 877 1018 regio

77 1019 199 1069 interris
210 1017 268 1068 ulla
278 1023 333 1078 eat,
350 1029 421 1082 quae
430 1029 486 1070 non
496 1015 580 1080 plena
589 1015 655 1080 nit*)
672 1021 701 1066 et
709 1017 834 1068 laborum
845 1031 878 1068 aa

74 1086 265 1146 miserturum,
285 1099 352 1151 quaa
369 1081 444 1134 Galli
458 1082 649 1148 superioribus
665 1083 744 1134 annis
757 1083 879 1149 pertule-

78 1159 154 1213 runt,
164 1151 313 1202 atntrtutis
324 1166 357 1202 ac
367 1149 526 1212 felicitatis,
537 1163 592 1218 qua
601 1163 688 1214 nuper
697 1165 764 1202 usus
775 1156 818 1202 eat
826 1149 879 1216 Ct-

79 1220 156 1270 rolun
168 1219 367 1280 rex‚.maxima
381 1222 509 1284 exparte
526 1231 576 1268 eos
590 1217 618 1266 in
634 1222 758 1268 veterem
777 1211 880 1268 atatlrm

79 1285 242 1348 vindicavit3
257 1287 321 1351 quia
330 1293 423 1338 tannen
435 1299 525 1351 neque
538 1284 614 1350 regia
628 1285 717 1336 nostri
731 1290 760 1335 et
769 1284 881 1334 nomine

73 1359 151 1405 -etre
160 1351 388 1406 christianissimi
396 1354 489 1420 ¹piettto
499 1350 631 1413 inDeum,
655 1352 785 1418 uamipsa
796 1350 882 1402 omni·

80 1421 251 1473 botontum·
260 1435 292 1473 ac
306 1426 436 1472 tentatam
450 1429 514 1474 estc
527 1419 599 1482 vult,
618 1365 676 1473 ulla
689 1433 725 1470 ax
737 1432 768 1468 re
781 1417 883 1469 melina

82 1487 230 1554 cognosci,
241 1502 330 1555 nequo
342 1488 427 1541 ullum
438 1487 549 1540 dicendi
559 1491 750 1556 argumentum
760 1483 813 1536 hoc
823 1484 883 1566 qui·

82 1555 146 1606 dem
152 1560 280 1620 temam
289 1557 407 1624 reperiri
416 1562 521 1622 potent,
530 1556 560 1607 iu
570 1571 624 1622 quo
634 1555 696 1622 pluo
707 1559 756 1606 aut
765 1553 884 1622 dignita·

80 1622 178 1673 dsunt
188 1621 383 1674 delectationis
393 1624 487 1676 inerte
498 1624 643 1676 videaturt
654 1627 720 1690 peto
734 1636 752 1672 a
763 1627 806 1684 te,
819 1620 885 1672 bea-

80 1690 190 1742 ussine
202 1689 297 1753 l'ator,
314 1697 345 1742 ot
354 1690 408 1743 hoc
416 1693 563 1758 temporis,
579 1691 654 1758 quod
668 1687 736 1742 mihi
745 1688 781 1742 ad
791 1687 884 1740 dicen·

80 1751 885 1826 dumtuabanignitatecdnccdituminharumpotissimum

34 1855 46 1861 -
82 1835 175 1874 rerum
183 1826 352 1876 tractatione
361 1827 485 1876 consumi
497 1825 631 1876 collocari
651 1825 820 1891 uepatiarir.

116 1890 186 1952 Quia
196 1892 284 1958 igitur
292 1893 321 1942 in
333 1891 427 1941 Gallia
433 1905 526 1940 rerum
537 1898 626 1942 statua
667 1894 733 1972 erit,
748 1905 802 1960 quo
815 1896 885 1942 tear·

81 1971 151 2024 pore
161 1958 279 2010 Carolus
289 1973 378 2010 nonua
391 1955 427 2007 ad
439 1956 519 2024 regui
530 1957 718 2022 gubernacula
730 1965 820 2011 morte
830 1956 885 2010 fra·
954 1979 964 2002 ι

80 2025 134 2076 tria
153 2025 282 2078 admotus
295 2031 353 2088 ent,
373 2039 469 2076 omnes
485 2023 569 2076 facile
583 2027 770 2077 recordamur.
805 2024 886 2086 Nam,

83 2107 154 2159 quoe
163 2093 229 2144 mali
240 2096 296 2156 vin,
307 2095 362 2144 iam
371 2099 430 2144 tum
436 2090 562 2142 ilenrico
570 2097 717 2158 regnante,
727 2093 755 2144 in
765 2094 843 2144 venia
853 2106 886 2144 ac

24 2213 28 2221 ,
81 2158 238 2212 visceribus
258 2160 367 2213 Galliae
391 2165 527 2226 concepta
550 2172 583 2208 ac
605 2157 737 2226 conclusa
756 2159 886 2222 latuerat,

82 2229 184 2296 cuique
202 2229 321 2294 optimus
336 2228 385 2280 ille
400 2241 463 2288 rex,
485 2225 520 2278 ob
536 2231 671 2292 perpetuo
687 2224 888 2294 deplorandum

38 2301 41 2308 ’
83 2295 244 2362 inopinatae
256 2297 354 2349 mertia
362 2295 499 2357 eventum,
509 2292 662 2348 remedium
672 2289 813 2355 adhibere,
825 2307 888 2344 cum

81 2364 203 2414 maxime
218 2369 344 2430 cuperet,
359 2377 415 2415 non
427 2368 569 2427 potuerat:
591 2359 688 2412 eadem
707 2373 768 2410 curn
785 2371 816 2410 ae
835 2359 886 2410 aul)

83 2429 236 2481 Franciaco
251 2429 374 2482 necundo
392 2441 572 2482 commovere
588 2427 740 2493 coepisset,
760 2432 789 2477 et
803 2426 837 2476 ab
852 2439 886 2478 co

84 2511 209 2564 quoque,
227 2497 424 2562 intempestiva
440 2503 530 2548 morte
549 2499 710 2562 praerepto,
728 2505 888 2560 comprensa

83 2565 169 2615 modo
191 2569 221 2614 et
238 2562 377 2626 cohibita,
395 2577 452 2615 non
471 2566 555 2615 etiarn
574 2563 712 2616 exstincta
731 2571 761 2614 et
779 2559 889 2620 sublata

112 2645 148 2703 ··)
163 2643 249 2696 virgil.
258 2646 316 2690 nen.
325 2645 345 2689 1.
356 2649 404 2690 ιιι.

139 2735 145 2742 .
198 2701 260 2748 Quae
270 2704 333 2756 tegio
342 2703 366 2746 in
376 2701 445 2746 tamir
454 2702 527 2747 contri
536 2714 581 2746 non
589 2699 659 2758 plana
668 2699 766 2750 leuauit

119 2757 251 2811 Monac.
272 2760 329 2812 on.
620 2825 623 2850 '
657 2759 680 2810 Ρ
