2154 3002
167 140 183 190 8
465 138 614 192 ORATIO
635 138 656 192 l.
748 93 750 98 Ι

166 245 247 306 gatus
263 217 319 304 est,
333 239 474 306 exemplar
489 239 609 290 acceditr
627 237 746 290 dubitari
762 238 889 306 prolecto
905 255 959 292 non

165 310 276 373 potest,¹
287 309 352 373 quin
362 321 396 358 ea
404 309 443 356 sit
454 305 574 356 omnium
585 307 822 371 praestantissima
831 305 959 366 facultas,

164 387 245 439 quae,
266 373 357 440 quoad
373 373 433 423 eius
447 371 508 422 fieri
526 376 634 437 potest,
648 385 710 422 cuns
726 369 852 424 humanis
867 373 958 424 dirina

164 438 340 555 dritta
353 437 960 558 ¹¹¹titii*itltt‘fitnltlidllli

163 521 345 638 ¹cnolligatione
359 520 488 621 (ξενίηοὴῖ
525 569 568 621 De
583 570 660 621 illius
671 569 739 622 mihi
749 571 889 624 facultatis
900 572 958 624 lau-

164 637 257 700 dibus,
272 635 407 689 bodierno
422 636 497 700 die*)
515 636 761 689 demandatumest
777 639 811 689 ab
826 639 876 701 iis,
892 654 958 705 quo-

163 717 223 754 rusn
234 709 263 754 et
277 703 349 767 apud
365 717 408 754 me
423 703 569 768 plurimum
583 702 658 754 valet
669 709 697 754 et
710 703 782 771 apud
793 719 887 756 omnes
898 719 959 773 per·
1046 761 1048 770 ,
1069 760 1071 771 ,

163 783 252 835 aeque
265 770 358 820 valere
375 769 458 820 debet
472 770 693 834 auctoritas**),
717 785 773 822 non
790 776 883 822 utens
899 773 958 839 qui-

164 837 225 888 dem
236 836 398 901 singillatim
408 850 574 902 percensere
585 850 680 888 omnes
696 852 729 890 ac
741 837 809 888 ilore
821 838 957 890 orationis

164 904 320 954 convestire
335 917 463 965 conarer,
485 903 615 971 (quod-et
628 903 763 969 imperare.
777 904 899 970 iniquum
916 920 959 956 cs·

164 974 208 1020 set
219 974 248 1018 et
265 969 407 1035 suscipere
419 971 607 1032 temerarium)
623 970 672 1021 sed
686 975 717 1020 ut
730 984 765 1022 ex
779 971 959 1022 eas-unsinnn·

163 1036 291 1086 enerabili
301 1037 382 1103 copia
391 1051 480 1103 pauca
493 1036 626 1102 quaedam
637 1037 688 1086 seli
711 1051 798 1098 ercm‚‘
813 1037 959 1102 dequibus

165 1116 200 1153 ex
220 1100 273 1154 hoc
286 1103 457 1170 amplissimo
471 1102 536 1153 loco
553 1103 632 1154 robis
651 1052 827 1156 audientibus
839 1103 964 1170 explica.

164 1183 231 1220 rcrn.
268 1169 329 1231 Qua
342 1169 377 1222 de
392 1184 422 1220 re
437 1185 497 1221 cum
508 1184 616 1222 mecum
628 1167 709 1220 initio
728 1175 872 1236 ageretur,
886 1169 960 1220 rclu-

165 1235 274 1303 giobam
286 1237 414 1303 equidem
423 1239 495 1288 tanti
506 1240 598 1288 oneris
608 1237 834 1298 nramitudinem,
844 1234 959 1298 veritus,

164 1317 199 1354 ne
214 1303 289 1354 idern
304 1301 371 1354 mihi
386 1304 573 1370 contingeret,
611 1273 671 1354 uod⁵
681 1303 769 1355 nobili
783 1303 849 1354 olim
867 1300 961 1368 sophi-

165 1371 291 1435 stae***)
316 1371 389 1438 apud
412 1371 573 1422 Annibalem
592 1318 628 1421 fle
646 1369 729 1420 rebus
748 1369 857 1422 bellicis
870 1368 962 1436 ,longa

165 1442 349 1503 accurataque
369 1437 495 1490 oratione
514 1436 667 1503 disputanti
677 1437 831 1503 contigisse
846 1435 960 1486 dicitur:

165 1503 190 1554 si
200 1501 283 1554 homo
295 1505 460 1557 adolescens
477 1510 578 1556 etcum
594 1518 611 1553 a
625 1504 726 1564 ceteris
739 1503 821 1554 rebus
836 1502 905 1554 satis
920 1507 962 1555 te·

164 1570 257 1620 nuitcr
270 1572 434 1632 instructus,
449 1577 507 1622 tum
520 1572 551 1621 in
566 1569 619 1620 isoc
632 1583 734 1636 genere
747 1571 858 1636 penitus
872 1568 960 1630 rudis,

165 1636 238 1686 inter
246 1642 291 1689 tot
301 1637 505 1691 eruditissimos
517 1639 592 1686 siros
597 1671 605 1698 ,
621 1634 814 1688 addicendum
829 1635 863 1688 de
877 1636 962 1686 rebus

165 1701 266 1756 divinis
289 1705 468 1772 egrederer.
502 1703 574 1754 lllud
593 1703 677 1752 etiarn
696 1717 739 1754 me
760 1702 960 1765 commovebat,

165 1771 239 1836 quod
248 1720 391 1836 praeclare
402 1787 418 1823 a
428 1769 687 1834 Platonescriptuns
702 1784 845 1833 noveram,
857 1771 960 1820 oratin-

163 1837 190 1888 ni
208 1843 236 1888 et
249 1839 285 1888 iis
296 1839 393 1900 rebus,
413 1851 483 1905 quae
498 1837 623 1888 oratione
637 1840 803 1898 tractantur,
824 1835 960 1903 quandam

162 1903 236 1955 inter
248 1919 278 1956 se
292 1906 488 1970 cognationem
501 1901 675 1955 intercedere
692 1908 834 1970 oportere,
856 1915 892 1954 ex
905 1917 959 1968 quo

161 1967 245 2021 facile
261 1971 451 2038 intelligebam
467 1969 613 2034 consequi,
629 1969 706 2022 atad
721 1983 767 2020 res
782 1966 888 2019 divinas
909 1983 958 2034 pro

119 2063 123 2069 ·
163 2035 299 2104 dignitate
308 2037 467 2089 tractandas
482 2035 603 2086 divinum
617 2034 755 2101 quoddam
768 2034 963 2100 requireretur

162 2101 298 2155 orationis
312 2117 408 2170 genus.
442 2103 478 2154 At
489 2103 544 2152 ista
558 2101 685 2168 quidem,
699 2115 729 2152 re
740 2098 829 2152 adhuc
838 2101 957 2214 integra,

161 2167 292 2220 fortassis
313 2169 418 2222 maiore
432 2168 549 2236 quadarn
568 2168 697 2220 cautione
716 2164 887 2233 providenda
912 2179 974 2216 ute-r

161 2236 228 2288 rint:
247 2249 320 2287 nunc
330 2235 441 2302 quidem
453 2235 509 2287 lam
523 2235 610 2286 semel
621 2233 706 2285 altum
721 2231 871 2300 ingressis,
886 2245 959 2298 quae

207 2315 227 2414 ’ἒ
243 2316 390 2367 Manifestum
401 2319 443 2368 ast.
454 2316 546 2360 verbum
557 2315 629 2362 dicere
639 2313 808 2372 apraeeedenti
818 2311 853 2359 tls'a
861 2314 958 2360 assesb·

161 2385 197 2414 sor
226 2385 269 2414 nm.

197 2385 229 2481 ἐζ)
245 2425 378 2470 Praefectos
391 2427 495 2470 nimirum
508 2425 619 2480 intelligit
629 2423 767 2469 Paririensis
780 2423 904 2478 Athenaei,
917 2427 958 2470 ubi

161 2493 247 2525 snsnuso
258 2496 366 2526 conusrsu
390 2483 499 2538 lsuanuc
511 2485 608 2526 cassinas
620 2482 726 2531 docebat,
742 2481 807 2525 bonno
817 2481 958 2534 adolescens,

160 2542 226 2582 natus
246 2551 316 2582 anans
329 2539 354 2580 Χ
379 2541 410 2584 V.
421 2540 458 2584 cs.
470 2541 552 2584 Lassr.
567 2539 641 2584 Diels.
656 2537 684 2582 da
696 2540 730 2583 vit
744 2541 768 2582 et
781 2539 861 2596 script.
876 2539 957 2583 Mutet.

160 2605 212 2647 pag.
222 2597 270 2638 bil.
281 2595 310 2640 sd
319 2595 407 2640 Rasna.

190 2649 232 2704 m)
247 2649 379 2698 Phormioni
388 2652 552 2710 Peripatetico.
563 2650 599 2695 Cf.
610 2649 658 2695 cn.
668 2650 696 2696 da
706 2653 763 2696 orat.
771 2649 802 2696 11.
813 2654 840 2696 lt
