2146 3008
203 183 255 238 nst
460 169 744 257 ounrrouxr'ru
773 251 775 256 ¹

206 284 307 338 Graeci
320 294 414 336 eorum
429 284 618 350 cognitionem
636 284 739 352 suartio
778 284 862 337 atrii
880 284 995 353 quodem
1060 329 1061 334 ,

204 352 341 403 vocabolo
352 347 524 412 effecissent,
540 364 574 402 ex
584 367 638 418 quo
649 353 732 402 idme
754 367 770 403 o
785 353 994 418 intelligeretur,

205 419 298 471 statim
313 431 329 468 a
342 418 462 485 pueritia
474 417 589 467 dandam
605 419 645 468 eis
660 432 772 483 operam
785 432 860 480 esse,
879 421 995 470 maiores

204 485 296 537 nostri
315 482 381 545 hoc,
403 489 434 534 ut
446 483 590 549 pleraque,
609 485 708 536 unctius
721 499 754 535 ao
770 484 934 550 sapientius:
952 484 996 550 qui

205 557 295 602 toturn
322 548 375 599 hoc
402 549 501 600 ortium
528 565 615 616 genoe
639 548 837 602 humanitatem
857 557 996 612 vocarunt,

206 616 304 677 credo,
318 615 486 676 indicentes,
506 631 562 666 non
583 616 671 667 multo
685 619 775 668 minus
788 618 861 666 inter
875 615 996 668 hornines

204 682 308 733 talibus
318 680 472 748 disciplinis
482 682 622 748 expolitos
632 689 661 733 et
668 682 767 750 vulgos
779 683 909 743 oliorum,
920 695 998 748 quoru

204 749 279 798 inter
293 753 402 797 ceteros
416 752 444 796 ct
456 749 576 812 pecudes
602 749 748 809 interesse.
783 749 917 800 Homines
927 749 998 814 enim

169 835 171 842 ¹
207 813 313 865 duobus
322 813 469 880 praecipue
479 815 692 867 rebuseceteris
704 815 887 868 animantibus
899 812 999 866 discer-

203 880 310 940 nimur,
324 881 433 931 ratione
443 880 598 931 emtionis
610 883 762 948 interprete
777 881 916 932 oratioue:
934 895 999 947 qua-

205 955 267 996 runt
277 953 392 1012 utraque
403 947 432 998 in
442 947 497 1009 eis,
511 949 557 1013 qui
567 944 663 998 hurum
678 949 777 1000 ortium
792 954 1002 1014 exputescunt,

206 1013 285 1064 rudis
315 1014 497 1064 eodemmodo
510 1019 538 1064 et
546 1011 686 1076 inchoata,
697 1017 745 1081 qui
756 1029 803 1066 eas
813 1015 882 1064 bene
893 1014 1002 1080 penitus

208 1028 412 1142 comminuunt,
434 1078 561 1146 perfecte
579 1080 608 1132 in
626 1081 684 1130 iliis
703 1088 785 1144 atquc
804 1081 932 1132 absoluta
950 1087 1002 1132 est

144 1145 148 1154 '
208 1140 371 1212 Aristippus
383 1148 505 1212 quidem,
526 1160 588 1196 cum
599 1144 769 1212 quaesiisset
780 1147 890 1214 quidcrn
904 1161 940 1198 ex
958 1160 1002 1206 eo,
1028 1169 1029 1174 κ

208 1213 276 1278 quid
292 1213 433 1264 bonifilio
448 1225 498 1264 suo
512 1213 631 1269 allatura
650 1214 769 1266 eruditio
786 1213 875 1264 erecti
894 1211 919 1263 si
937 1211 1005 1264 nito

208 1277 295 1340 aliud,
305 1277 356 1328 doc
365 1287 445 1341 certe,
454 1279 552 1345 inquit,
564 1279 671 1346 quodie
682 1279 787 1333 theatro
797 1279 866 1346 lapis
877 1279 906 1330 c‘n
916 1278 1003 1345 lapide

208 1359 263 1396 noo
278 1345 386 1406 ¹sedebit.
421 1345 551 1410 idemque
569 1346 663 1410 elteri,
683 1348 729 1412 qui
749 1362 808 1398 cum
824 1347 877 1397 sibi
891 1347 1003 1396 nimium
1060 1379 1061 1386 κ

150 1415 152 1422 ’
207 1427 335 1479 magnum
349 1411 503 1464 mercedem
516 1413 595 1478 posci
608 1426 658 1476 pro
674 1413 847 1468 institutione
862 1412 913 1463 olii
928 1411 1006 1463 vide·

208 1484 297 1538 retur,
317 1477 438 1530 dixerat:
456 1476 513 1528 Ista
522 1477 638 1541 pecunia
650 1491 753 1528 sucum
766 1475 833 1528 mio
846 1495 931 1530 emere
941 1493 1006 1544 pos·

143 1552 152 1556 ·
208 1541 332 1608 mm‚·,tri
348 1554 425 1604 cern,
445 1543 535 1605 inquit
548 1542 658 1602 iocans,
677 1540 757 1593 ctiam
771 1541 822 1591 lucc
840 1543 967 1610 amplius.-
984 1543 1008 1595 si

207 1623 290 1660 onum
302 1607 405 1666 emeret,
423 1607 487 1655 duos
499 1603 642 1660 habehim.
676 1603 850 1668 Significavit
862 1611 1007 1672 videlicet,

209 1687 325 1740 quorum
354 1671 532 1720 collustratus
557 1667 743 1719 doctrinarum
765 1669 826 1724 loce
849 1687 905 1722 nou
929 1685 1010 1730 esset

203 1737 328 1796 enimus,
346 1749 396 1784 eos
415 1729 548 1797 tapidum,
566 1745 622 1783 non
635 1731 788 1798 hominum,
807 1743 869 1800 out,
888 1739 913 1790 si
929 1740 1009 1796 forte

207 1803 281 1854 inter
294 1799 433 1860 hominen,
452 1811 609 1863 serrorum,
622 1815 678 1872 non
687 1801 883 1870 ingenuorum,
893 1805 961 1861 loco
977 1825 1009 1860 ac

91 1863 98 1872 “
129 1875 138 1882 ‘
189 1872 321 1918 'nunnero
341 1879 403 1916 esse
422 1863 574 1919 habendos.
607 1869 646 1928 nc
664 1868 731 1920 mihi
749 1869 862 1938 quidem
881 1870 933 1926 hoc
946 1881 1010 1927 toto

209 1933 243 1983 de
257 1945 287 1982 re
303 1932 438 2000 cogitanti
451 1939 569 1999 quatuor
583 1936 693 1988 omnino
708 1953 770 1990 esse
786 1939 848 1990 viae
867 1941 1008 2004 videntur,

85 2031 86 2036 κ
158 2066 161 2071 .
206 2012 322 2068 quorum
336 2013 418 2052 unam
431 2001 551 2068 aliquam
564 2017 581 2054 e
593 2004 733 2088 principio
746 2005 847 2059 aetatis
858 2021 1009 2074 capessere

207 2081 241 2117 oc
255 2073 355 2133 posteo
366 2069 497 2135 persequi
511 2083 599 2138 prope
611 2086 727 2124 neeesse
741 2074 791 2136 sit,
809 2075 958 2141 exquibus
973 2088 1008 2126 ne
1060 2085 1061 2092 ¹

203 2133 320 2186 dubium
334 2136 443 2203 quidem
458 2150 519 2187 esse
534 2144 639 2203 potest,
659 2139 725 2206 quin
739 2153 784 2202 co,
804 2155 884 2207 quom
896 2141 954 2207 ipsi
967 2141 1009 2192 in·

207 2204 299 2270 gressi
309 2204 391 2266 estis,
406 2203 489 2270 longo
500 2203 668 2272 multumque
682 2207 745 2258 aliis
755 2205 882 2258 omuibus
892 2213 1010 2274 arrtepo·

207 2269 299 2320 nendo
317 2269 452 2322 uideatur.
486 2269 556 2322 Nam
568 2273 618 2337 ¹qui
632 2273 688 2322 isto
701 2279 792 2323 aetate
809 2279 886 2336 sunt,
905 2276 1010 2340 partim

209 2337 269 2386 otio
279 2349 310 2387 se
324 2343 405 2402 etque
419 2337 547 2404 ignaviae
561 2337 677 2400 dedunt,
691 2340 858 2404 mollemque
872 2341 960 2392 vitam
974 2354 1008 2390 ac

206 2401 389 2468 voluptariam
399 2409 558 2469 sequuntur,
570 2405 590 2454 ii
601 2406 763 2470 praesertim
774 2406 872 2473 quibus
883 2405 1007 2474 amplum

195 2470 400 2534 *patrimonium
414 2475 469 2533 θεὶς
488 2471 587 2535 partim
601 2471 627 2522 si
642 2472 789 2539 engerstior
801 2474 839 2523 sit
847 2485 905 2535 res,
922 2487 1006 2540 quom

198 2539 238 2585 ut
255 2534 324 2586 nihil
337 2540 452 2602 ugentes
465 2536 551 2599 ferat,
565 2537 633 2588 dont
645 2539 720 2590 seed
736 2545 822 2589 arteni
833 2539 958 2605 aliquam
968 2538 1007 2589 fa·

206 2601 368 2665 ctitondem3
386 2601 444 2666 clii,
455 2604 503 2669 qui
513 2604 667 2658 excelsiore
678 2607 1007 2670 suntmimo,srrnorun1

193 2687 195 2692 ’
242 2679 262 2730 ·)
275 2677 376 2732 oraru.
385 2675 462 2720 unct.
471 2673 503 2720 11.
514 2677 549 2722 tt.
