2146 3008
51 227 57 238 ᾗ
367 137 522 208 oan'mo
541 149 653 204 xxiv.
855 153 906 206 aso
943 173 946 180 =

51 257 54 262 “
106 265 189 330 qbam
198 271 275 326 spem
285 255 387 325 quistis
399 255 509 323 erigere
519 253 704 320 coepissetin
713 252 906 321 ipsolneuntls

106 327 314 380 adolescentiae
335 323 417 386 llore,
437 323 538 374 acerba
557 330 640 388 atque
659 322 805 372 immatura
816 317 906 372 morte
930 331 934 338 ·
976 347 982 355 ·

105 388 267 460 rapereturl
281 391 303 441 0
314 390 429 440 fallaces
442 389 582 441 bominum
592 388 668 456 spesi
684 379 906 438 oincertavotal

56 491 60 496 -
79 485 81 490 ·
108 459 242 512 olubrica
255 464 283 509 et
300 457 432 524 ancipitia
445 456 579 508 humanae
593 458 666 506 vitae
681 453 830 505 curricula!
847 453 907 504 Me·

96 527 161 586 ,rito
180 525 402 592 lacrymis'oculi
423 523 544 576 o'mnium
558 523 687 584 maden't3
701 521 800 572 merito
816 519 908 572 omnia

107 592 263 709 planctibus
283 591 487 660 gemitibusque
507 589 723 650 circumsonant3
741 587 841 638 merito
858 601 908 638 uu·

129 660 191 725 ique
209 661 339 724 querelae
361 665 389 708 et
402 657 615 710 lamentationes
635 653 828 705 exaudiuntur.
864 654 908 704 Tu

21 755 25 760 ·
107 725 179 792 ipse,
197 725 360 778 beatissime
375 723 471 785 Pater,
490 725 571 773 cuias
585 722 653 772 etin
666 721 808 788 prosperis
824 713 950 772 rebus‘
1001 753 1003 760 ι

108 797 234 859 spectata
245 791 402 844 moderatio
419 797 474 851 est,
492 795 521 838 et
536 790 565 838 in
575 789 699 838 adversis
709 789 793 840 animi
802 785 908 855 magni·

1 901 2 918 ,
107 860 188 922 tudo,
210 859 240 908 in
258 866 336 910 tanto
355 871 422 907 casu
445 853 576 904 cohibere
597 855 722 906 dolorem
740 869 797 906 noo
816 862 908 922 potes,

95 955 97 964 ι
127 940 231 992 uaeque
244 925 382 991 lacrymas
396 923 518 987 gravitas
533 925 562 970 et
572 921 728 971 constantia
743 922 864 972 retinere
874 935 908 972 ao

1 991 2 1010 ¹
108 939 429 1048 irenarsfconsuaverat,
450 1001 498 1036 eas
511 986 680 1037 nobilissimi
695 989 815 1038 omnium
828 987 909 1054 regni

55 1121 57 1124 Ι
104 1059 252 1110 miseratio
272 1065 301 1106 ct
319 1061 434 1122 paterna
449 1053 551 1103 caritas
567 1053 654 1104 elicit.
689 1053 831 1121 Planeque
844 1054 909 1106 aliis

95 1126 139 1174 'in
157 1123 241 1172 rebus
261 1120 420 1187 quaerenda
439 1125 482 1170 est
500 1117 674 1170 fortitudinis
688 1135 721 1171 ac
735 1121 909 1173 constantiae

108 1187 183 1242 laus:
201 1187 230 1236 in
241 1191 296 1237 tam
307 1187 385 1255 gravi
397 1187 521 1247 vulnere,
534 1192 591 1236 taor
602 1185 693 1236 dubiis
703 1201 736 1237 ac
746 1188 909 1239 formidolo-

101 1257 150 1316 sis
170 1253 344 1307 Christianae
363 1254 534 1320 reipublicae
557 1253 760 1318 temporibus*)
782 1260 909 1319 accepto,

7 1335 22 1372 -.’
109 1323 236 1374 immanis
246 1321 380 1388 quaedam
391 1321 494 1372 duritia
504 1324 593 1381 esset,
606 1335 662 1370 non
671 1318 752 1382 flere,
766 1335 821 1371 non
832 1322 909 1386 inge·

10 1403 13 1416 '
110 1391 241 1452 niiscere,
256 1403 311 1438 non
322 1387 499 1438 commoveri.
534 1384 651 1446 Qualem
666 1389 751 1448 enim,
768 1391 909 1452 quantum·
988 1394 990 1398 ·

29 1489 31 1492 -
111 1471 165 1524 que
176 1469 279 1522 regem,
289 1461 318 1506 et
328 1461 438 1522 quanta,
450 1468 505 1504 non
515 1452 604 1503 dicam
614 1451 722 1514 indole,
733 1453 810 1518 quod·
817 1458 910 1503 tamen

110 1526 143 1576 in'
162 1521 274 1572 bomine
297 1521 476 1572 adolescente
488 1520 569 1570 satis
592 1532 656 1578 esse
675 1519 831 1580 videretur,
860 1518 910 1570 sed

93 1594 215 1656 .'quanto
232 1589 352 1639 omnium
364 1589 505 1656 regiarum
517 1589 649 1638 virtutum
663 1587 744 1705 copia
756 1585 910 1668 praeditum

111 1655 269 1710 ariaisimusl
292 1655 380 1716 Quem
406 1671 468 1706 cnm
495 1653 589 1705 divina
609 1654 689 1720 provi
711 1660 800 1714 entra,
824 1668 911 1706 annos

111 1729 206 1775 uatum
220 1737 276 1773 non
291 1722 408 1788 amplius
424 1723 533 1785 decem,
547 1722 575 1771 in
589 1722 640 1773 illo
656 1722 811 1773 celsissimo
826 1722 911 1772 maio·

110 1805 172 1842 rum
182 1803 294 1840 suorum
308 1788 381 1839 solio
393 1789 574 1839 collocasset:
592 1796 708 1856 quantas
722 1789 771 1840 ille
784 1788 839 1839 iam
853 1794 911 1840 aaut

112 1871 248 1923 quamque
259 1856 383 1916 crebras,
393 1856 423 1904 in
431 1855 482 1904 illa
491 1859 597 1914 aetate,
611 1870 682 1921 quae
693 1854 761 1906 nibil
774 1856 910 1922 cogitare,

111 1921 182 1974 nibil
195 1923 286 1988 loqui,
305 1921 358 1971 nisi
377 1921 440 1971 leve
458 1935 491 1971 ac
504 1920 640 1971 ludicrum
655 1921 741 1985 solet,
757 1922 908 1973 inusitatae

110 1987 254 2039 cuiusdam
278 1993 307 2038 et
327 1985 470 2038 inauditae
497 1986 660 2052 prudentiae
689 1984 910 2054 signification&

110 2053 203 2106 dediti
219 2053 386 2105 incredibile
401 2054 477 2105 dictu
492 2059 549 2114 est,
568 2067 648 2120 quam
661 2067 745 2120 saepe
758 2055 807 2104 ille
821 2056 850 2104 in
862 2055 909 2106 de·

1 2113 2 2118 ’
69 2120 323 2172 [liberationibus
354 2120 473 2187 publicis
511 2119 780 2186 sapientissimorum
803 2135 909 2180 ,senum

109 2187 265 2240 sententiae
275 2189 406 2254 puerulus
418 2186 610 2248 anteverterit,
622 2199 748 2252 quaeque
758 2187 800 2237 illi
815 2187 909 2242 dicere
949 2189 953 2196 '

107 2253 138 2306 in
157 2254 248 2305 animo
268 2252 418 2316 habebant,
439 2269 473 2306 ea
490 2254 568 2320 prior
580 2254 640 2319 ipse
653 2254 813 2320 protulerit,
827 2271 908 2308 nemo

106 2326 140 2374 ut
153 2326 240 2384 esset,
256 2323 306 2390 ¹cui
320 2337 388 2384 non,
406 2323 434 2372 in
454 2327 531 2372 tanta
550 2335 682 2370 annorum
701 2321 908 2386 immaturitate,
965 2359 976 2378 a

108 2394 187 2441 tanta
207 2389 308 2440 mentis
327 2394 356 2439 et
376 2388 487 2440 consilii
508 2389 653 2439 maturitas
677 2387 797 2439 divinum
815 2391 909 2455 potius

23 2479 26 2488 ·
110 2445 255 2522 quiddam,
284 2471 365 2522 quam
394 2456 541 2506 humanum
566 2455 715 2506 videretur.
749 2454 801 2506 list
823 2463 909 2518 certe,

110 2527 155 2576 est
164 2522 256 2589 aliqua
266 2523 307 2572 vis
319 2524 436 2590 originis
448 2539 481 2574 ae
491 2523 646 2590 sanguinis3
665 2535 790 2591 quosque
802 2525 912 2590 magnis

109 2601 144 2640 ao
162 2588 302 2640 nobilibus
317 2592 427 2657 populis
440 2597 565 2642 rectores
579 2589 730 2642 destinavit
742 2596 909 2658 praepotens

138 2667 160 2724 ⁶)
176 2667 225 2714 cie.
234 2669 291 2714 Ver.
299 2668 341 2716 lib.
352 2673 411 2734 V.,1.
422 2671 704 2736 debibformr'dolotirpus
713 2671 858 2735 temporibus.
