2146 3008
161 145 210 201 252
424 144 575 198 ORATIO
593 145 705 200 xxlv.
748 107 751 122 Ι

159 248 238 313 colit,
247 261 281 300 eo
292 245 444 300 studiosius
455 255 484 300 et
492 248 581 316 magis
593 263 629 299 ox
639 249 730 300 animo
739 249 861 303 vicarios
872 249 959 318 ipsius

159 316 236 368 colat
254 329 370 366 necesso
385 321 435 366 est.
472 317 631 376 Quomodo
646 316 695 366 ille
709 315 744 366 dc
758 315 809 366 Pio
823 315 867 378 V„
883 318 958 370 cuius

158 383 294 434 memoria
306 383 335 433 in
347 381 543 432 benedictione
559 389 615 444 est,
631 389 659 433 et
674 382 813 433 sentiebat
823 388 852 432 et
865 383 958 450 loque·

157 449 255 502 batur‘l
274 449 362 510 Quem
378 450 431 500 sibi
442 464 496 499 non
508 447 660 509 hominem,
674 449 725 500 s'ed
738 449 867 514 angelum
878 464 958 514 quen-

158 518 223 568 dam
233 514 351 566 humana
364 517 437 565 inter
450 516 584 566 mortales
595 515 688 580 specie
702 521 858 565 versantem
872 515 958 566 videri

159 580 283 644 dicebat,
300 583 378 634 ouius
394 581 516 634 monitus
526 587 665 648 tamquam
676 582 813 632 coelestia
827 581 959 646 quaedam

159 648 274 700 oracula
284 647 471 697 reverebatur.
506 647 576 698 Nam
590 649 624 698 de
637 653 680 709 te,
696 648 857 698 beatissime
867 647 959 709 Pater,

159 715 207 781 qui
222 727 369 764 successor
381 714 458 764 illius
474 714 595 764 emnium
609 715 683 764 votis
699 714 850 780 expetitus,
867 714 958 764 divino
1056 721 1064 736 ⁴

158 779 279 830 consilio
294 778 432 841 delectus,
446 785 503 836 tam
516 780 609 830 subita
621 786 732 846 tamque
747 780 903 831 admirabili
917 785 958 829 to-

157 847 215 898 tius
231 848 403 897 sacrosancti
418 846 534 913 collegii
546 847 731 916 consensibus
749 847 904 897 declaratus
919 859 974 906 es‚.

158 927 240 980 quam
254 913 400 980 magnifice
414 913 443 962 in
456 913 531 962 omni
545 927 673 964 sermone
686 913 848 978 praedicare
859 911 958 962 solitus

159 986 248 1042 esset,
259 980 394 1041 dicerem,
406 979 440 1042 si,
452 993 532 1046 quam
543 978 627 1030 facile
637 986 776 1045 praestas,
788 985 819 1029 ut
829 979 863 1028 ab
875 978 959 1028 omui·

157 1044 211 1097 bus
220 1061 275 1098 uno
287 1061 336 1097 cre
346 1047 484 1109 lauderis,
494 1052 551 1095 tam
561 1047 683 1097 libenter
693 1061 755 1108 eos,
766 1061 783 1096 a
794 1045 893 1113 quibus
902 1044 959 1094 lau·

159 1112 248 1175 daris,
270 1113 391 1165 audires.
425 1113 479 1163 His
501 1111 550 1162 ille
569 1113 675 1163 a'rtibus
694 1113 735 1164 ita
753 1113 807 1163 sibi
825 1113 960 1164 bonorum

160 1179 282 1232 omnium
291 1181 398 1236 animos
409 1178 624 1245 voluntatesque
635 1179 808 1242 devinxerat,
819 1184 858 1242 ut,
869 1192 961 1244 quam·
1025 1229 1030 1238 ,

75 1298 77 1302 ,
160 1259 242 1312 quam
253 1261 289 1298 ox
299 1247 359 1298 eius
373 1252 465 1298 aetate
476 1247 716 1310 attemperatione
728 1247 853 1312 corporis
863 1244 962 1310 proba·

67 1343 70 1356 ·
159 1311 257 1364 bilitas
269 1327 382 1380 sperare
396 1319 537 1380 poterant,
555 1313 603 1364 diu
614 1327 645 1362 se
658 1313 734 1363 illius
748 1313 850 1363 virtute
864 1311 963 1362 fruitu·
1061 1359 1064 1370 Α

160 1392 218 1443 ros,
230 1386 362 1448 cuperent
374 1387 465 1430 tamen
477 1393 581 1442 omnes,
593 1379 618 1431 si
628 1380 690 1431 lieri
699 1379 847 1446 potuisset,
857 1383 964 1445 partem

162 1445 283 1512 aliquam
293 1448 367 1497 vitae
382 1461 449 1497 suae
465 1447 594 1496 conferre
609 1461 643 1496 ac
658 1446 834 1503 contribuere
846 1452 875 1495 et
885 1445 964 1494 annis

162 1513 221 1564 suis
232 1515 314 1564 ultam
324 1512 401 1562 illius
429 1513 609 1576 r01·ogare*).
646 1511 703 1561 Sed
716 1509 786 1559 nihil
799 1512 827 1560 in
837 1511 966 1561 humanis

161 1578 245 1630 rebus
256 1579 374 1637 firmum,
386 1529 456 1626 niisil
469 1576 581 1634 stabile,
597 1573 666 1624 nihil
678 1576 836 1626 diuturnum
846 1574 967 1642 reperiri

145 1645 265 1711 potest.
298 1643 369 1692 Dum
385 1638 604 1691 condocefacere
619 1645 670 1689 nos
684 1639 742 1689 vult
754 1639 846 1701 Deus,'
860 1650 967 1694 terram

160 1709 242 1760 nobis
252 1722 306 1758 non
320 1722 369 1774 pro
382 1704 535 1766 domicilio,
551 1704 601 1755 sed
614 1719 664 1770 pro
681 1704 842 1758 deversorio
858 1705 966 1774 datam3

160 1772 245 1836 bano,
259 1787 329 1840 quac
343 1774 401 1823 vita
414 1772 528 1834 dicitur,
550 1785 605 1821 non
619 1778 676 1822 tam
689 1771 774 1822 sitam
788 1785 863 1835 esse,
881 1789 967 1840 quam

66 1841 67 1844 ’
159 1841 216 1892 iter
235 1839 271 1890 ad
289 1839 385 1902 vitan3
407 1840 437 1889 in
456 1837 551 1900 coelo,
570 1855 627 1890 nen
645 1839 674 1890 in
691 1845 779 1902 terra,
798 1839 879 1892 nobis
900 1847 965 1893 e'sse

108 1927 112 1933 ·
161 1919 239 1986 spem
254 1905 428 1974 deligendam
441 1919 475 1957 ac
488 1906 694 1970 collocandam
709 1909 798 1986 agitat
815 1909 907 1958 omnia
921 1921 965 1958 ar·

159 1970 265 2025 brtratu
281 1989 346 2036 suo,
367 1981 395 2026 et
410 1987 480 2042 quae
493 1974 586 2026 solida
599 1989 631 2025 ac
645 1975 731 2026 llrmls
745 1989 810 2026 nsua
823 1973 965 2025 radicibus

159 2047 302 2108 putantur,
320 2055 355 2092 ea
367 2047 508 2092 momento
522 2043 656 2108 temporis
670 2042 762 2092 vertit.
801 2041 867 2091 Cum
881 2055 965 2092 rexa-

159 2115 191 2160 tn
201 2113 245 2159 tot
258 2108 464 2160 calamitatibus
479 2107 572 2158 Gallia
585 2108 709 2174 paullum
727 2108 843 2160 tolleret
856 2107 966 2168 oculos,
1063 2119 1064 2124 ¹

161 2181 191 2226 et
202 2173 258 2226 Dei
276 2190 310 2228 ac
325 2177 399 2244 regis
424 2176 469 2228 sui
486 2175 675 2241 perduellibus
697 2176 796 2240 partim
815 2173 913 2224 fractis
931 2187 966 2224 aa

160 2242 290 2306 domitis,
317 2245 417 2311 partim
441 2243 530 2308 captis
552 2257 585 2292 ac
609 2239 829 2308 comprehensis,
852 2240 967 2290 tandem

161 2309 314 2380 aliquando
338 2325 368 2362 se
389 2315 453 2376 post
469 2314 514 2362 tot
534 2309 608 2361 mala
628 2309 825 2377 respiraturam
849 2318 966 2374 sperata

193 2431 214 2486 ·)
226 2431 319 2478 Reddam
330 2441 477 2487 propagare,
496 2431 523 2472 ut
534 2412 593 2472 nunc
601 2429 678 2474 editur
687 2425 749 2484 apud
760 2428 832 2471 Cicer.
848 2427 876 2469 da
885 2423 967 2470 Fiuib.

162 2475 195 2528 V.
210 2491 243 2530 ll.
277 2488 411 2542 ropugabat
429 2491 505 2528 tamon
523 2485 597 2528 visam
610 2483 715 2542 aucupio.
745 2485 780 2527 De
795 2483 927 2526 confusions
942 2483 970 2524 st

151 2541 297 2586 discrimino
320 2541 398 2584 borum
420 2541 540 2582 verbonun
565 2541 647 2584 Critici
671 2553 739 2594 saepo
763 2541 919 2594 disputarunt,
939 2538 970 2579 ut

76 2639 83 2656 ι
166 2595 248 2640 Graes.
270 2599 300 2642 ed
319 2597 366 2642 Cic.
386 2596 416 2642 ad
434 2597 488 2642 Div.
505 2595 535 2642 V.
554 2598 588 2641 lb
606 2600 632 2641 st
654 2595 799 2651 Oudendorp.
821 2594 850 2638 ed
869 2591 971 2638 Sueten.

164 2651 223 2706 Δις.
232 2655 268 2700 23.
