<?xml version="1.0" encoding="UTF-8"?>
<!DOCTYPE html PUBLIC "-//W3C//DTD XHTML 1.0 Transitional//EN"
    "http://www.w3.org/TR/xhtml1/DTD/xhtml1-transitional.dtd">
<html xmlns="http://www.w3.org/1999/xhtml" xml:lang="en" lang="en">
 <head>
  <title>
</title>
<meta http-equiv="Content-Type" content="text/html;charset=utf-8" />
  <meta name='ocr-system' content='tesseract 3.04.00' />
  <meta name='ocr-capabilities' content='ocr_page ocr_carea ocr_par ocr_line ocrx_word'/>
</head>
<body>
  <div class='ocr_page' id='page_1' title='image "./mantoniimuretie00muregoog_0035.png"; bbox 0 0 2154 3002; ppageno 0'>
   <div class='ocr_carea' id='block_1_1' title="bbox 188 167 680 221">
    <p class='ocr_par' dir='ltr' id='par_1_1' title="bbox 188 167 680 221">
     <span class='ocr_line' id='line_1_1' title="bbox 188 167 680 221; baseline -0.004 -1"><span class='ocrx_word' id='word_1_1' title='bbox 188 169 218 220; x_wconf 78' lang='lat'>12</span> <span class='ocrx_word' id='word_1_2' title='bbox 379 179 383 186; x_wconf 82' lang='lat'>&#39;</span> <span class='ocrx_word' id='word_1_3' title='bbox 490 167 641 221; x_wconf 77' lang='lat' dir='ltr'>oanrlo</span> <span class='ocrx_word' id='word_1_4' title='bbox 659 167 680 219; x_wconf 91' lang='lat' dir='ltr'>l.</span> 
     </span>
    </p>
   </div>
   <div class='ocr_carea' id='block_1_2' title="bbox 146 267 1069 2748">
    <p class='ocr_par' dir='ltr' id='par_1_2' title="bbox 186 267 982 937">
     <span class='ocr_line' id='line_1_2' title="bbox 186 267 982 332; baseline 0.005 -12"><span class='ocrx_word' id='word_1_5' title='bbox 186 267 247 320; x_wconf 90' lang='lat' dir='ltr'>illic</span> <span class='ocrx_word' id='word_1_6' title='bbox 256 267 348 324; x_wconf 88' lang='lat' dir='ltr'>Deum</span> <span class='ocrx_word' id='word_1_7' title='bbox 358 269 474 332; x_wconf 88' lang='lat' dir='ltr'>intueri,</span> <span class='ocrx_word' id='word_1_8' title='bbox 489 267 633 330; x_wconf 85' lang='lat' dir='ltr'>admirari,</span> <span class='ocrx_word' id='word_1_9' title='bbox 647 267 777 332; x_wconf 83' lang='lat' dir='ltr'>adorare,</span> <span class='ocrx_word' id='word_1_10' title='bbox 792 269 982 324; x_wconf 78' lang='lat' dir='ltr'>demittentem</span> 
     </span>
     <span class='ocr_line' id='line_1_3' title="bbox 186 333 981 402; baseline 0.003 -14"><span class='ocrx_word' id='word_1_11' title='bbox 186 343 276 388; x_wconf 83' lang='lat' dir='ltr'>scatet</span> <span class='ocrx_word' id='word_1_12' title='bbox 293 338 382 402; x_wconf 92' lang='lat' dir='ltr'>ipsum</span> <span class='ocrx_word' id='word_1_13' title='bbox 403 351 438 386; x_wconf 85' lang='lat' dir='ltr'>ex</span> <span class='ocrx_word' id='word_1_14' title='bbox 454 335 652 402; x_wconf 84' lang='lat' dir='ltr'>augustissimo</span> <span class='ocrx_word' id='word_1_15' title='bbox 672 333 721 385; x_wconf 91' lang='lat' dir='ltr'>illo</span> <span class='ocrx_word' id='word_1_16' title='bbox 742 336 897 388; x_wconf 85' lang='lat' dir='ltr'>maiestatis</span> <span class='ocrx_word' id='word_1_17' title='bbox 915 353 981 390; x_wconf 83' lang='lat' dir='ltr'>suae</span> 
     </span>
     <span class='ocr_line' id='line_1_4' title="bbox 186 399 970 470; baseline 0.001 -16"><span class='ocrx_word' id='word_1_18' title='bbox 186 401 301 470; x_wconf 79' lang='lat' dir='ltr'>fastigio</span> <span class='ocrx_word' id='word_1_19' title='bbox 314 417 376 453; x_wconf 88' lang='lat' dir='ltr'>sese</span> <span class='ocrx_word' id='word_1_20' title='bbox 398 417 431 452; x_wconf 90' lang='lat' dir='ltr'>ue</span> <span class='ocrx_word' id='word_1_21' title='bbox 451 402 703 453; x_wconf 82' lang='lat' dir='ltr'>accommodantem</span> <span class='ocrx_word' id='word_1_22' title='bbox 721 402 755 452; x_wconf 89' lang='lat' dir='ltr'>ad</span> <span class='ocrx_word' id='word_1_23' title='bbox 768 399 902 454; x_wconf 88' lang='lat' dir='ltr'>humanae</span> <span class='ocrx_word' id='word_1_24' title='bbox 919 399 970 455; x_wconf 88' lang='lat' dir='ltr'>con</span> 
     </span>
     <span class='ocr_line' id='line_1_5' title="bbox 187 467 980 532; baseline -0.001 -10"><span class='ocrx_word' id='word_1_25' title='bbox 187 469 300 522; x_wconf 87' lang='lat' dir='ltr'>ditionis</span> <span class='ocrx_word' id='word_1_26' title='bbox 314 467 389 520; x_wconf 87' lang='lat' dir='ltr'>humi</span> <span class='ocrx_word' id='word_1_27' title='bbox 403 469 507 519; x_wconf 76' lang='lat' dir='ltr'>tatem:</span> <span class='ocrx_word' id='word_1_28' title='bbox 526 482 675 532; x_wconf 77' lang='lat' dir='ltr'>rursusque</span> <span class='ocrx_word' id='word_1_29' title='bbox 695 468 812 520; x_wconf 84' lang='lat' dir='ltr'>eundem</span> <span class='ocrx_word' id='word_1_30' title='bbox 821 468 980 524; x_wconf 82' lang='lat' dir='ltr'>defunctum</span> 
     </span>
     <span class='ocr_line' id='line_1_6' title="bbox 187 533 981 604; baseline 0 -16"><span class='ocrx_word' id='word_1_31' title='bbox 187 535 273 588; x_wconf 91' lang='lat' dir='ltr'>nobili</span> <span class='ocrx_word' id='word_1_32' title='bbox 285 535 333 585; x_wconf 90' lang='lat' dir='ltr'>illa</span> <span class='ocrx_word' id='word_1_33' title='bbox 343 535 539 586; x_wconf 86' lang='lat' dir='ltr'>servandorum</span> <span class='ocrx_word' id='word_1_34' title='bbox 549 533 706 586; x_wconf 83' lang='lat' dir='ltr'>mortalium</span> <span class='ocrx_word' id='word_1_35' title='bbox 717 537 869 602; x_wconf 78' lang='lat' dir='ltr'>provincia,</span> <span class='ocrx_word' id='word_1_36' title='bbox 880 538 981 604; x_wconf 87' lang='lat' dir='ltr'>spolia·</span> 
     </span>
     <span class='ocr_line' id='line_1_7' title="bbox 186 599 981 682; baseline 0.003 -29"><span class='ocrx_word' id='word_1_37' title='bbox 186 604 276 682; x_wconf 85' lang='lat' dir='ltr'>tisque</span> <span class='ocrx_word' id='word_1_38' title='bbox 290 599 388 652; x_wconf 83' lang='lat' dir='ltr'>inferis</span> <span class='ocrx_word' id='word_1_39' title='bbox 399 601 428 662; x_wconf 87' lang='lat' dir='ltr'>(o</span> <span class='ocrx_word' id='word_1_40' title='bbox 442 615 500 652; x_wconf 89' lang='lat' dir='ltr'>rem</span> <span class='ocrx_word' id='word_1_41' title='bbox 514 601 588 652; x_wconf 82' lang='lat' dir='ltr'>onrni</span> <span class='ocrx_word' id='word_1_42' title='bbox 603 600 720 652; x_wconf 90' lang='lat' dir='ltr'>humana</span> <span class='ocrx_word' id='word_1_43' title='bbox 733 603 905 670; x_wconf 80' lang='lat' dir='ltr'>cogitatione</span> <span class='ocrx_word' id='word_1_44' title='bbox 920 605 981 655; x_wconf 85' lang='lat' dir='ltr'>sub·</span> 
     </span>
     <span class='ocr_line' id='line_1_8' title="bbox 187 667 980 738; baseline 0.003 -18"><span class='ocrx_word' id='word_1_45' title='bbox 187 667 348 730; x_wconf 86' lang='lat' dir='ltr'>linuoreml)</span> <span class='ocrx_word' id='word_1_46' title='bbox 367 669 395 718; x_wconf 91' lang='lat' dir='ltr'>in</span> <span class='ocrx_word' id='word_1_47' title='bbox 405 669 513 718; x_wconf 90' lang='lat' dir='ltr'>coelum</span> <span class='ocrx_word' id='word_1_48' title='bbox 523 667 667 719; x_wconf 79' lang='lat' dir='ltr'>sublimem</span> <span class='ocrx_word' id='word_1_49' title='bbox 678 675 785 735; x_wconf 90' lang='lat' dir='ltr'>raptum</span> <span class='ocrx_word' id='word_1_50' title='bbox 795 670 980 738; x_wconf 81' lang='lat' dir='ltr'>vallatumque</span> 
     </span>
     <span class='ocr_line' id='line_1_9' title="bbox 187 734 981 802; baseline 0.003 -16"><span class='ocrx_word' id='word_1_51' title='bbox 187 751 220 786; x_wconf 88' lang='lat' dir='ltr'>ac</span> <span class='ocrx_word' id='word_1_52' title='bbox 243 734 374 802; x_wconf 87' lang='lat' dir='ltr'>stipatum</span> <span class='ocrx_word' id='word_1_53' title='bbox 395 735 503 785; x_wconf 84' lang='lat' dir='ltr'>infinita</span> <span class='ocrx_word' id='word_1_54' title='bbox 525 741 583 786; x_wconf 90' lang='lat' dir='ltr'>tum</span> <span class='ocrx_word' id='word_1_55' title='bbox 605 735 750 801; x_wconf 78' lang='lat' dir='ltr'>geniorum</span> <span class='ocrx_word' id='word_1_56' title='bbox 769 737 981 800; x_wconf 86' lang='lat' dir='ltr'>concinentium,</span> 
     </span>
     <span class='ocr_line' id='line_1_10' title="bbox 187 799 980 867; baseline 0.001 -13"><span class='ocrx_word' id='word_1_57' title='bbox 187 809 243 854; x_wconf 89' lang='lat' dir='ltr'>tum</span> <span class='ocrx_word' id='word_1_58' title='bbox 254 799 394 852; x_wconf 90' lang='lat' dir='ltr'>bominum</span> <span class='ocrx_word' id='word_1_59' title='bbox 406 800 439 850; x_wconf 92' lang='lat' dir='ltr'>de</span> <span class='ocrx_word' id='word_1_60' title='bbox 454 801 694 867; x_wconf 83' lang='lat' dir='ltr'>caliginosissimis</span> <span class='ocrx_word' id='word_1_61' title='bbox 704 801 761 852; x_wconf 91' lang='lat' dir='ltr'>illis</span> <span class='ocrx_word' id='word_1_62' title='bbox 772 801 891 854; x_wconf 83' lang='lat' dir='ltr'>Satanae</span> <span class='ocrx_word' id='word_1_63' title='bbox 905 817 934 855; x_wconf 86' lang='lat' dir='ltr'>er</span> <span class='ocrx_word' id='word_1_64' title='bbox 955 819 980 855; x_wconf 89' lang='lat' dir='ltr'>a·</span> 
     </span>
     <span class='ocr_line' id='line_1_11' title="bbox 186 866 981 937; baseline 0 -17"><span class='ocrx_word' id='word_1_65' title='bbox 186 869 267 920; x_wconf 81' lang='lat' dir='ltr'>stulis</span> <span class='ocrx_word' id='word_1_66' title='bbox 279 874 419 918; x_wconf 87' lang='lat' dir='ltr'>erutorum</span> <span class='ocrx_word' id='word_1_67' title='bbox 429 866 614 930; x_wconf 87' lang='lat' dir='ltr'>multitudine,</span> <span class='ocrx_word' id='word_1_68' title='bbox 624 868 698 919; x_wconf 89' lang='lat' dir='ltr'>iusto</span> <span class='ocrx_word' id='word_1_69' title='bbox 709 883 741 919; x_wconf 88' lang='lat' dir='ltr'>ac</span> <span class='ocrx_word' id='word_1_70' title='bbox 752 869 833 936; x_wconf 87' lang='lat' dir='ltr'>pleno</span> <span class='ocrx_word' id='word_1_71' title='bbox 843 871 943 937; x_wconf 91' lang='lat' dir='ltr'>triump</span> <span class='ocrx_word' id='word_1_72' title='bbox 965 885 981 920; x_wconf 93' lang='lat' dir='ltr'>o</span> 
     </span>
    </p>

    <p class='ocr_par' dir='ltr' id='par_1_3' title="bbox 146 933 983 1135">
     <span class='ocr_line' id='line_1_12' title="bbox 146 933 982 1002; baseline -0.002 -14"><span class='ocrx_word' id='word_1_73' title='bbox 146 971 152 980; x_wconf 89' lang='lat'><em>·</em></span> <span class='ocrx_word' id='word_1_74' title='bbox 188 934 297 988; x_wconf 81' lang='lat' dir='ltr'>coelum</span> <span class='ocrx_word' id='word_1_75' title='bbox 306 935 517 1002; x_wconf 82' lang='lat' dir='ltr'>ingredientem,</span> <span class='ocrx_word' id='word_1_76' title='bbox 528 948 616 1000; x_wconf 89' lang='lat' dir='ltr'>neque</span> <span class='ocrx_word' id='word_1_77' title='bbox 628 933 745 986; x_wconf 84' lang='lat' dir='ltr'>disiecta</span> <span class='ocrx_word' id='word_1_78' title='bbox 754 935 825 987; x_wconf 78' lang='lat' dir='ltr'>nturi</span> <span class='ocrx_word' id='word_1_79' title='bbox 854 944 923 999; x_wconf 86' lang='lat' dir='ltr'>arte,</span> <span class='ocrx_word' id='word_1_80' title='bbox 934 937 982 988; x_wconf 89' lang='lat' dir='ltr'>scd</span> 
     </span>
     <span class='ocr_line' id='line_1_13' title="bbox 188 952 983 1068; baseline 0.003 -16"><span class='ocrx_word' id='word_1_81' title='bbox 188 1001 276 1054; x_wconf 74' lang='lat' dir='ltr'>vali-is</span> <span class='ocrx_word' id='word_1_82' title='bbox 287 1016 337 1052; x_wconf 90' lang='lat' dir='ltr'>suo</span> <span class='ocrx_word' id='word_1_83' title='bbox 349 1002 483 1068; x_wconf 84' lang='lat' dir='ltr'>sanguine</span> <span class='ocrx_word' id='word_1_84' title='bbox 492 1001 609 1055; x_wconf 85' lang='lat' dir='ltr'>reclusis</span> <span class='ocrx_word' id='word_1_85' title='bbox 623 1001 678 1054; x_wconf 91' lang='lat' dir='ltr'>iter</span> <span class='ocrx_word' id='word_1_86' title='bbox 689 1002 789 1054; x_wconf 88' lang='lat' dir='ltr'>eodem</span> <span class='ocrx_word' id='word_1_87' title='bbox 802 952 883 1054; x_wconf 79' lang='lat' dir='ltr'>nohis</span> <span class='ocrx_word' id='word_1_88' title='bbox 898 1005 983 1055; x_wconf 90' lang='lat' dir='ltr'>omni·</span> 
     </span>
     <span class='ocr_line' id='line_1_14' title="bbox 188 1069 838 1135; baseline -0.006 -13"><span class='ocrx_word' id='word_1_89' title='bbox 188 1071 240 1122; x_wconf 88' lang='lat' dir='ltr'>bus</span> <span class='ocrx_word' id='word_1_90' title='bbox 250 1069 430 1135; x_wconf 89' lang='lat' dir='ltr'>aperientem.</span> <span class='ocrx_word' id='word_1_91' title='bbox 835 1074 838 1079; x_wconf 83' lang='lat'>&#39;</span> 
     </span>
    </p>

    <p class='ocr_par' dir='ltr' id='par_1_4' title="bbox 221 1134 983 1253">
     <span class='ocr_line' id='line_1_15' title="bbox 221 1134 983 1253; baseline 0 -65"><span class='ocrx_word' id='word_1_92' title='bbox 221 1138 309 1204; x_wconf 81' lang='lat' dir='ltr'>litque</span> <span class='ocrx_word' id='word_1_93' title='bbox 321 1134 390 1186; x_wconf 90' lang='lat' dir='ltr'>haec</span> <span class='ocrx_word' id='word_1_94' title='bbox 400 1135 510 1253; x_wconf 62' lang='lat' dir='ltr'>thaidem</span> <span class='ocrx_word' id='word_1_95' title='bbox 525 1138 649 1202; x_wconf 84' lang='lat' dir='ltr'>quamvis</span> <span class='ocrx_word' id='word_1_96' title='bbox 665 1137 802 1189; x_wconf 86' lang='lat' dir='ltr'>eiusmodi</span> <span class='ocrx_word' id='word_1_97' title='bbox 815 1141 894 1199; x_wconf 87' lang='lat' dir='ltr'>sunt,</span> <span class='ocrx_word' id='word_1_98' title='bbox 908 1143 939 1188; x_wconf 90' lang='lat' dir='ltr'>ut</span> <span class='ocrx_word' id='word_1_99' title='bbox 949 1135 983 1188; x_wconf 87' lang='lat' dir='ltr'>ad</span> 
     </span>
    </p>

    <p class='ocr_par' dir='ltr' id='par_1_5' title="bbox 188 1202 1069 1604">
     <span class='ocr_line' id='line_1_16' title="bbox 189 1202 988 1272; baseline -0.003 -16"><span class='ocrx_word' id='word_1_100' title='bbox 189 1202 363 1256; x_wconf 88' lang='lat' dir='ltr'>excitandum</span> <span class='ocrx_word' id='word_1_101' title='bbox 374 1204 402 1252; x_wconf 92' lang='lat' dir='ltr'>in</span> <span class='ocrx_word' id='word_1_102' title='bbox 424 1204 650 1272; x_wconf 80' lang='lat' dir='ltr'>arrimaudumque</span> <span class='ocrx_word' id='word_1_103' title='bbox 665 1203 816 1271; x_wconf 89' lang='lat' dir='ltr'>quemlibet</span> <span class='ocrx_word' id='word_1_104' title='bbox 827 1208 988 1268; x_wconf 88' lang='lat' dir='ltr'>torpentem·</span> 
     </span>
     <span class='ocr_line' id='line_1_17' title="bbox 190 1271 984 1336; baseline -0.003 -14"><span class='ocrx_word' id='word_1_105' title='bbox 190 1272 308 1324; x_wconf 85' lang='lat' dir='ltr'>animum</span> <span class='ocrx_word' id='word_1_106' title='bbox 332 1271 457 1322; x_wconf 81' lang='lat' dir='ltr'>sufficere</span> <span class='ocrx_word' id='word_1_107' title='bbox 477 1285 561 1336; x_wconf 86' lang='lat' dir='ltr'>posse</span> <span class='ocrx_word' id='word_1_108' title='bbox 581 1273 738 1326; x_wconf 85' lang='lat' dir='ltr'>videantur:</span> <span class='ocrx_word' id='word_1_109' title='bbox 765 1277 858 1322; x_wconf 88' lang='lat' dir='ltr'>tamen</span> <span class='ocrx_word' id='word_1_110' title='bbox 876 1275 984 1322; x_wconf 83' lang='lat' dir='ltr'>exiam</span> 
     </span>
     <span class='ocr_line' id='line_1_18' title="bbox 189 1338 985 1404; baseline -0.006 -14"><span class='ocrx_word' id='word_1_111' title='bbox 189 1338 274 1390; x_wconf 87' lang='lat' dir='ltr'>ubere</span> <span class='ocrx_word' id='word_1_112' title='bbox 285 1352 381 1404; x_wconf 88' lang='lat' dir='ltr'>campo</span> <span class='ocrx_word' id='word_1_113' title='bbox 393 1338 449 1387; x_wconf 90' lang='lat' dir='ltr'>alia</span> <span class='ocrx_word' id='word_1_114' title='bbox 463 1339 611 1404; x_wconf 90' lang='lat' dir='ltr'>quaedam,</span> <span class='ocrx_word' id='word_1_115' title='bbox 624 1339 679 1390; x_wconf 87' lang='lat' dir='ltr'>nisi</span> <span class='ocrx_word' id='word_1_116' title='bbox 691 1339 839 1390; x_wconf 88' lang='lat' dir='ltr'>molestum</span> <span class='ocrx_word' id='word_1_117' title='bbox 853 1342 908 1398; x_wconf 89' lang='lat' dir='ltr'>est,</span> <span class='ocrx_word' id='word_1_118' title='bbox 921 1350 985 1402; x_wconf 91' lang='lat' dir='ltr'>pro·</span> 
     </span>
     <span class='ocr_line' id='line_1_19' title="bbox 188 1402 1069 1469; baseline -0.006 -13"><span class='ocrx_word' id='word_1_119' title='bbox 188 1403 318 1457; x_wconf 82' lang='lat' dir='ltr'>feramus.</span> <span class='ocrx_word' id='word_1_120' title='bbox 356 1403 427 1455; x_wconf 90' lang='lat' dir='ltr'>Vere</span> <span class='ocrx_word' id='word_1_121' title='bbox 447 1405 519 1455; x_wconf 89' lang='lat' dir='ltr'>enim</span> <span class='ocrx_word' id='word_1_122' title='bbox 538 1405 608 1458; x_wconf 91' lang='lat' dir='ltr'>illud</span> <span class='ocrx_word' id='word_1_123' title='bbox 627 1407 761 1456; x_wconf 86' lang='lat' dir='ltr'>affirmare</span> <span class='ocrx_word' id='word_1_124' title='bbox 777 1413 863 1469; x_wconf 67' lang='lat' dir='ltr'>‘posse</span> <span class='ocrx_word' id='word_1_125' title='bbox 878 1402 985 1464; x_wconf 89' lang='lat' dir='ltr'>videor,</span> <span class='ocrx_word' id='word_1_126' title='bbox 1066 1421 1069 1430; x_wconf 69' lang='lat'>¹</span> 
     </span>
     <span class='ocr_line' id='line_1_20' title="bbox 190 1469 986 1538; baseline -0.006 -15"><span class='ocrx_word' id='word_1_127' title='bbox 190 1471 372 1526; x_wconf 77' lang='lat' dir='ltr'>eruditissimi</span> <span class='ocrx_word' id='word_1_128' title='bbox 386 1471 452 1532; x_wconf 88' lang='lat' dir='ltr'>viri,</span> <span class='ocrx_word' id='word_1_129' title='bbox 468 1472 696 1538; x_wconf 85' lang='lat' dir='ltr'>quemadmodum</span> <span class='ocrx_word' id='word_1_130' title='bbox 711 1469 850 1520; x_wconf 85' lang='lat' dir='ltr'>Platonici</span> <span class='ocrx_word' id='word_1_131' title='bbox 866 1469 986 1518; x_wconf 87' lang='lat' dir='ltr'>elemen-</span> 
     </span>
     <span class='ocr_line' id='line_1_21' title="bbox 189 1532 985 1604; baseline -0.006 -14"><span class='ocrx_word' id='word_1_132' title='bbox 189 1545 279 1591; x_wconf 92' lang='lat' dir='ltr'>torum</span> <span class='ocrx_word' id='word_1_133' title='bbox 290 1539 318 1590; x_wconf 88' lang='lat' dir='ltr'>in</span> <span class='ocrx_word' id='word_1_134' title='bbox 329 1537 491 1604; x_wconf 76' lang='lat' dir='ltr'>corporibus</span> <span class='ocrx_word' id='word_1_135' title='bbox 503 1538 672 1588; x_wconf 84' lang='lat' dir='ltr'>coelestibus</span> <span class='ocrx_word' id='word_1_136' title='bbox 683 1535 818 1601; x_wconf 88' lang='lat' dir='ltr'>quendam</span> <span class='ocrx_word' id='word_1_137' title='bbox 835 1532 921 1584; x_wconf 77' lang='lat' dir='ltr'>veluti</span> <span class='ocrx_word' id='word_1_138' title='bbox 936 1534 985 1586; x_wconf 85' lang='lat' dir='ltr'>llo-</span> 
     </span>
    </p>

    <p class='ocr_par' dir='ltr' id='par_1_6' title="bbox 148 1597 1066 1939">
     <span class='ocr_line' id='line_1_22' title="bbox 148 1597 985 1667; baseline -0.007 -11"><span class='ocrx_word' id='word_1_139' title='bbox 148 1616 150 1633; x_wconf 84' lang='lat'>¹</span> <span class='ocrx_word' id='word_1_140' title='bbox 189 1620 257 1667; x_wconf 90' lang='lat' dir='ltr'>rem,</span> <span class='ocrx_word' id='word_1_141' title='bbox 267 1607 294 1657; x_wconf 93' lang='lat' dir='ltr'>in</span> <span class='ocrx_word' id='word_1_142' title='bbox 305 1605 382 1657; x_wconf 87' lang='lat' dir='ltr'>hisce</span> <span class='ocrx_word' id='word_1_143' title='bbox 392 1603 571 1654; x_wconf 81' lang='lat' dir='ltr'>inferioribus</span> <span class='ocrx_word' id='word_1_144' title='bbox 599 1603 715 1653; x_wconf 85' lang='lat' dir='ltr'>uandam</span> <span class='ocrx_word' id='word_1_145' title='bbox 725 1599 812 1650; x_wconf 80' lang='lat' dir='ltr'>veluti</span> <span class='ocrx_word' id='word_1_146' title='bbox 822 1597 911 1650; x_wconf 83' lang='lat' dir='ltr'>fecem</span> <span class='ocrx_word' id='word_1_147' title='bbox 921 1615 985 1652; x_wconf 90' lang='lat' dir='ltr'>essc</span> 
     </span>
     <span class='ocr_line' id='line_1_23' title="bbox 189 1666 985 1734; baseline -0.009 -11"><span class='ocrx_word' id='word_1_148' title='bbox 189 1673 330 1734; x_wconf 81' lang='lat' dir='ltr'>dicebant:</span> <span class='ocrx_word' id='word_1_149' title='bbox 352 1673 392 1722; x_wconf 91' lang='lat' dir='ltr'>ita</span> <span class='ocrx_word' id='word_1_150' title='bbox 409 1684 500 1720; x_wconf 87' lang='lat' dir='ltr'>rerum</span> <span class='ocrx_word' id='word_1_151' title='bbox 520 1683 641 1720; x_wconf 83' lang='lat' dir='ltr'>ommurn</span> <span class='ocrx_word' id='word_1_152' title='bbox 660 1666 820 1732; x_wconf 86' lang='lat' dir='ltr'>cognitione</span> <span class='ocrx_word' id='word_1_153' title='bbox 840 1667 985 1733; x_wconf 82' lang='lat' dir='ltr'>dignarum</span> 
     </span>
     <span class='ocr_line' id='line_1_24' title="bbox 189 1731 1066 1804; baseline -0.006 -14"><span class='ocrx_word' id='word_1_154' title='bbox 189 1739 218 1790; x_wconf 90' lang='lat' dir='ltr'>in</span> <span class='ocrx_word' id='word_1_155' title='bbox 236 1739 382 1804; x_wconf 87' lang='lat' dir='ltr'>theologia</span> <span class='ocrx_word' id='word_1_156' title='bbox 395 1735 506 1796; x_wconf 87' lang='lat' dir='ltr'>liorem,</span> <span class='ocrx_word' id='word_1_157' title='bbox 530 1734 558 1784; x_wconf 90' lang='lat' dir='ltr'>iu</span> <span class='ocrx_word' id='word_1_158' title='bbox 574 1734 637 1786; x_wconf 87' lang='lat' dir='ltr'>aliis</span> <span class='ocrx_word' id='word_1_159' title='bbox 652 1733 778 1785; x_wconf 85' lang='lat' dir='ltr'>scientiis</span> <span class='ocrx_word' id='word_1_160' title='bbox 794 1731 883 1785; x_wconf 86' lang='lat' dir='ltr'>fecem</span> <span class='ocrx_word' id='word_1_161' title='bbox 898 1736 986 1786; x_wconf 89' lang='lat' dir='ltr'>conti·</span> <span class='ocrx_word' id='word_1_162' title='bbox 1064 1747 1066 1752; x_wconf 82' lang='grc'><strong>’</strong></span> 
     </span>
     <span class='ocr_line' id='line_1_25' title="bbox 190 1799 987 1870; baseline -0.009 -12"><span class='ocrx_word' id='word_1_163' title='bbox 190 1808 260 1858; x_wconf 89' lang='lat' dir='ltr'>neri.</span> <span class='ocrx_word' id='word_1_164' title='bbox 295 1804 418 1870; x_wconf 88' lang='lat' dir='ltr'>Namque</span> <span class='ocrx_word' id='word_1_165' title='bbox 427 1808 458 1852; x_wconf 91' lang='lat' dir='ltr'>ut</span> <span class='ocrx_word' id='word_1_166' title='bbox 468 1799 531 1852; x_wconf 88' lang='lat' dir='ltr'>hinc</span> <span class='ocrx_word' id='word_1_167' title='bbox 541 1807 637 1851; x_wconf 90' lang='lat' dir='ltr'>nostra</span> <span class='ocrx_word' id='word_1_168' title='bbox 646 1815 676 1852; x_wconf 89' lang='lat' dir='ltr'>se</span> <span class='ocrx_word' id='word_1_169' title='bbox 686 1799 802 1865; x_wconf 90' lang='lat' dir='ltr'>primum</span> <span class='ocrx_word' id='word_1_170' title='bbox 815 1799 914 1852; x_wconf 84' lang='lat' dir='ltr'>efferat</span> <span class='ocrx_word' id='word_1_171' title='bbox 925 1815 987 1851; x_wconf 82' lang='lat' dir='ltr'>ora-</span> 
     </span>
     <span class='ocr_line' id='line_1_26' title="bbox 188 1866 987 1939; baseline -0.011 -15"><span class='ocrx_word' id='word_1_172' title='bbox 188 1873 304 1939; x_wconf 86' lang='lat' dir='ltr'>tio,quis</span> <span class='ocrx_word' id='word_1_173' title='bbox 316 1871 589 1932; x_wconf 72' lang='lat' dir='ltr'>nescitquantopere</span> <span class='ocrx_word' id='word_1_174' title='bbox 600 1883 631 1918; x_wconf 93' lang='lat' dir='ltr'>se</span> <span class='ocrx_word' id='word_1_175' title='bbox 640 1868 669 1917; x_wconf 91' lang='lat' dir='ltr'>in</span> <span class='ocrx_word' id='word_1_176' title='bbox 678 1866 883 1932; x_wconf 81' lang='lat' dir='ltr'>perscrutandis</span> <span class='ocrx_word' id='word_1_177' title='bbox 894 1881 987 1918; x_wconf 87' lang='lat' dir='ltr'>rerum</span> 
     </span>
    </p>

    <p class='ocr_par' dir='ltr' id='par_1_7' title="bbox 207 1930 1063 2004">
     <span class='ocr_line' id='line_1_27' title="bbox 207 1930 1063 2004; baseline -0.007 -16"><span class='ocrx_word' id='word_1_178' title='bbox 207 1939 331 2004; x_wconf 88' lang='lat' dir='ltr'>rincipiis</span> <span class='ocrx_word' id='word_1_179' title='bbox 342 1942 450 1986; x_wconf 84' lang='lat' dir='ltr'>veteres</span> <span class='ocrx_word' id='word_1_180' title='bbox 463 1930 623 2001; x_wconf 82' lang='lat' dir='ltr'>philosophi</span> <span class='ocrx_word' id='word_1_181' title='bbox 639 1933 784 1994; x_wconf 86' lang='lat' dir='ltr'>torserint,</span> <span class='ocrx_word' id='word_1_182' title='bbox 797 1948 933 2000; x_wconf 86' lang='lat' dir='ltr'>quumque</span> <span class='ocrx_word' id='word_1_183' title='bbox 946 1933 988 1984; x_wconf 91' lang='lat' dir='ltr'>ni·</span> <span class='ocrx_word' id='word_1_184' title='bbox 1062 1987 1063 1999; x_wconf 13' lang='grc' dir='ltr'>γ</span> 
     </span>
    </p>

    <p class='ocr_par' dir='ltr' id='par_1_8' title="bbox 189 1955 1062 2675">
     <span class='ocr_line' id='line_1_28' title="bbox 189 1955 988 2066; baseline -0.009 -11"><span class='ocrx_word' id='word_1_185' title='bbox 189 1955 243 2065; x_wconf 74' lang='lat' dir='ltr'>hil,</span> <span class='ocrx_word' id='word_1_186' title='bbox 257 2005 280 2054; x_wconf 92' lang='lat' dir='ltr'>si</span> <span class='ocrx_word' id='word_1_187' title='bbox 291 2018 336 2055; x_wconf 85' lang='lat' dir='ltr'>res</span> <span class='ocrx_word' id='word_1_188' title='bbox 347 2002 381 2052; x_wconf 90' lang='lat' dir='ltr'>ad</span> <span class='ocrx_word' id='word_1_189' title='bbox 392 2015 486 2051; x_wconf 78' lang='lat' dir='ltr'>serum</span> <span class='ocrx_word' id='word_1_190' title='bbox 497 1999 638 2066; x_wconf 84' lang='lat' dir='ltr'>exigatur,</span> <span class='ocrx_word' id='word_1_191' title='bbox 651 1999 810 2052; x_wconf 76' lang='lat' dir='ltr'>effecerintt</span> <span class='ocrx_word' id='word_1_192' title='bbox 828 2000 899 2052; x_wconf 89' lang='lat' dir='ltr'>Dum</span> <span class='ocrx_word' id='word_1_193' title='bbox 914 1999 988 2050; x_wconf 87' lang='lat' dir='ltr'>alius</span> 
     </span>
     <span class='ocr_line' id='line_1_29' title="bbox 190 2035 1062 2136; baseline -0.007 -14"><span class='ocrx_word' id='word_1_194' title='bbox 190 2070 319 2123; x_wconf 89' lang='lat' dir='ltr'>mundum</span> <span class='ocrx_word' id='word_1_195' title='bbox 333 2067 405 2118; x_wconf 86' lang='lat' dir='ltr'>hunc</span> <span class='ocrx_word' id='word_1_196' title='bbox 419 2072 447 2116; x_wconf 88' lang='lat' dir='ltr'>et</span> <span class='ocrx_word' id='word_1_197' title='bbox 460 2067 589 2134; x_wconf 90' lang='lat' dir='ltr'>quicquid</span> <span class='ocrx_word' id='word_1_198' title='bbox 603 2069 632 2119; x_wconf 94' lang='lat' dir='ltr'>in</span> <span class='ocrx_word' id='word_1_199' title='bbox 646 2083 680 2120; x_wconf 90' lang='lat' dir='ltr'>eo</span> <span class='ocrx_word' id='word_1_200' title='bbox 694 2066 739 2118; x_wconf 83' lang='lat' dir='ltr'>vel</span> <span class='ocrx_word' id='word_1_201' title='bbox 758 2067 927 2136; x_wconf 84' lang='lat' dir='ltr'>aspectabile</span> <span class='ocrx_word' id='word_1_202' title='bbox 943 2065 990 2116; x_wconf 87' lang='lat' dir='ltr'>vel</span> <span class='ocrx_word' id='word_1_203' title='bbox 1057 2035 1062 2120; x_wconf 71' lang='lat' dir='ltr'>l</span> 
     </span>
     <span class='ocr_line' id='line_1_30' title="bbox 190 2131 1061 2200; baseline -0.008 -12"><span class='ocrx_word' id='word_1_204' title='bbox 190 2135 336 2188; x_wconf 85' lang='lat' dir='ltr'>tractabile</span> <span class='ocrx_word' id='word_1_205' title='bbox 356 2134 526 2195; x_wconf 88' lang='lat' dir='ltr'>continetur,</span> <span class='ocrx_word' id='word_1_206' title='bbox 549 2140 627 2200; x_wconf 87' lang='lat' dir='ltr'>putat</span> <span class='ocrx_word' id='word_1_207' title='bbox 650 2149 685 2187; x_wconf 81' lang='lat' dir='ltr'>eu</span> <span class='ocrx_word' id='word_1_208' title='bbox 698 2137 847 2190; x_wconf 88' lang='lat' dir='ltr'>temeraria</span> <span class='ocrx_word' id='word_1_209' title='bbox 869 2131 987 2199; x_wconf 88' lang='lat' dir='ltr'>quadam</span> <span class='ocrx_word' id='word_1_210' title='bbox 1060 2143 1061 2162; x_wconf 62' lang='lat'>¹</span> 
     </span>
     <span class='ocr_line' id='line_1_31' title="bbox 189 2198 1060 2267; baseline -0.011 -13"><span class='ocrx_word' id='word_1_211' title='bbox 189 2202 434 2254; x_wconf 88' lang='lat' dir='ltr'>minutissimorum</span> <span class='ocrx_word' id='word_1_212' title='bbox 453 2215 600 2267; x_wconf 88' lang='lat' dir='ltr'>corporum</span> <span class='ocrx_word' id='word_1_213' title='bbox 623 2203 806 2254; x_wconf 86' lang='lat' dir='ltr'>concursione</span> <span class='ocrx_word' id='word_1_214' title='bbox 832 2198 987 2260; x_wconf 76' lang='lat' dir='ltr'>coaluisse3</span> <span class='ocrx_word' id='word_1_215' title='bbox 1059 2211 1060 2244; x_wconf 73' lang='lat' dir='ltr'>r</span> 
     </span>
     <span class='ocr_line' id='line_1_32' title="bbox 190 2269 1059 2337; baseline 0.002 -19"><span class='ocrx_word' id='word_1_216' title='bbox 190 2271 271 2337; x_wconf 89' lang='lat' dir='ltr'>quisi</span> <span class='ocrx_word' id='word_1_217' title='bbox 286 2269 330 2318; x_wconf 82' lang='lat' dir='ltr'>rel</span> <span class='ocrx_word' id='word_1_218' title='bbox 339 2283 420 2319; x_wconf 90' lang='lat' dir='ltr'>unam</span> <span class='ocrx_word' id='word_1_219' title='bbox 431 2283 536 2330; x_wconf 90' lang='lat' dir='ltr'>earum,</span> <span class='ocrx_word' id='word_1_220' title='bbox 551 2284 619 2335; x_wconf 90' lang='lat' dir='ltr'>quas</span> <span class='ocrx_word' id='word_1_221' title='bbox 632 2269 799 2330; x_wconf 85' lang='lat' dir='ltr'>somniabat,</span> <span class='ocrx_word' id='word_1_222' title='bbox 810 2273 930 2318; x_wconf 88' lang='lat' dir='ltr'>atomum</span> <span class='ocrx_word' id='word_1_223' title='bbox 942 2280 988 2316; x_wconf 85' lang='lat' dir='ltr'>ce·</span> <span class='ocrx_word' id='word_1_224' title='bbox 1058 2301 1059 2320; x_wconf 52' lang='lat' dir='ltr'>i</span> 
     </span>
     <span class='ocr_line' id='line_1_33' title="bbox 189 2332 988 2403; baseline -0.005 -15"><span class='ocrx_word' id='word_1_225' title='bbox 189 2337 265 2389; x_wconf 84' lang='lat' dir='ltr'>rebri</span> <span class='ocrx_word' id='word_1_226' title='bbox 275 2335 431 2398; x_wconf 85' lang='lat' dir='ltr'>habuisset,</span> <span class='ocrx_word' id='word_1_227' title='bbox 441 2351 580 2403; x_wconf 89' lang='lat' dir='ltr'>nunquam</span> <span class='ocrx_word' id='word_1_228' title='bbox 588 2339 645 2388; x_wconf 87' lang='lat' dir='ltr'>ista</span> <span class='ocrx_word' id='word_1_229' title='bbox 652 2343 709 2388; x_wconf 84' lang='lat' dir='ltr'>tam</span> <span class='ocrx_word' id='word_1_230' title='bbox 719 2336 818 2398; x_wconf 86' lang='lat' dir='ltr'>stulte,</span> <span class='ocrx_word' id='word_1_231' title='bbox 831 2332 988 2399; x_wconf 83' lang='lat' dir='ltr'>incogitan-</span> 
     </span>
     <span class='ocr_line' id='line_1_34' title="bbox 189 2403 1058 2470; baseline -0.007 -15"><span class='ocrx_word' id='word_1_232' title='bbox 189 2411 287 2470; x_wconf 82' lang='lat' dir='ltr'>terque</span> <span class='ocrx_word' id='word_1_233' title='bbox 306 2404 480 2468; x_wconf 87' lang='lat' dir='ltr'>scripsisset:</span> <span class='ocrx_word' id='word_1_234' title='bbox 502 2403 574 2454; x_wconf 88' lang='lat' dir='ltr'>alius</span> <span class='ocrx_word' id='word_1_235' title='bbox 587 2411 730 2456; x_wconf 85' lang='lat' dir='ltr'>aeternum</span> <span class='ocrx_word' id='word_1_236' title='bbox 744 2417 806 2454; x_wconf 90' lang='lat' dir='ltr'>esse</span> <span class='ocrx_word' id='word_1_237' title='bbox 822 2414 884 2452; x_wconf 91' lang='lat' dir='ltr'>eum</span> <span class='ocrx_word' id='word_1_238' title='bbox 895 2413 987 2466; x_wconf 89' lang='lat' dir='ltr'>uequc</span> <span class='ocrx_word' id='word_1_239' title='bbox 1057 2405 1058 2412; x_wconf 76' lang='grc'>’</span> 
     </span>
     <span class='ocr_line' id='line_1_35' title="bbox 189 2467 1057 2540; baseline -0.009 -16"><span class='ocrx_word' id='word_1_240' title='bbox 189 2471 342 2524; x_wconf 89' lang='lat' dir='ltr'>desiturum</span> <span class='ocrx_word' id='word_1_241' title='bbox 363 2486 483 2540; x_wconf 89' lang='lat' dir='ltr'>unquam</span> <span class='ocrx_word' id='word_1_242' title='bbox 508 2484 598 2536; x_wconf 90' lang='lat' dir='ltr'>neque</span> <span class='ocrx_word' id='word_1_243' title='bbox 618 2470 763 2522; x_wconf 85' lang='lat' dir='ltr'>exordium</span> <span class='ocrx_word' id='word_1_244' title='bbox 785 2468 932 2520; x_wconf 88' lang='lat' dir='ltr'>ducentem</span> <span class='ocrx_word' id='word_1_245' title='bbox 952 2467 987 2517; x_wconf 88' lang='lat' dir='ltr'>ab</span> <span class='ocrx_word' id='word_1_246' title='bbox 1056 2475 1057 2486; x_wconf 62' lang='lat'>¹</span> 
     </span>
     <span class='ocr_line' id='line_1_36' title="bbox 189 2509 1056 2618; baseline -0.01 -27"><span class='ocrx_word' id='word_1_247' title='bbox 189 2538 248 2591; x_wconf 92' lang='lat' dir='ltr'>ullo</span> <span class='ocrx_word' id='word_1_248' title='bbox 272 2546 328 2590; x_wconf 89' lang='lat' dir='ltr'>tem</span> <span class='ocrx_word' id='word_1_249' title='bbox 350 2540 407 2592; x_wconf 89' lang='lat' dir='ltr'>oris</span> <span class='ocrx_word' id='word_1_250' title='bbox 425 2541 592 2618; x_wconf 87' lang='lat' dir='ltr'>principatu,</span> <span class='ocrx_word' id='word_1_251' title='bbox 615 2552 672 2589; x_wconf 89' lang='lat' dir='ltr'>non</span> <span class='ocrx_word' id='word_1_252' title='bbox 691 2535 910 2588; x_wconf 85' lang='lat' dir='ltr'>animadvertens</span> <span class='ocrx_word' id='word_1_253' title='bbox 933 2531 988 2584; x_wconf 88' lang='lat' dir='ltr'>hac</span> <span class='ocrx_word' id='word_1_254' title='bbox 1053 2509 1056 2575; x_wconf 72' lang='lat' dir='ltr'>l</span> 
     </span>
     <span class='ocr_line' id='line_1_37' title="bbox 189 2553 987 2675; baseline -0.01 -18"><span class='ocrx_word' id='word_1_255' title='bbox 189 2609 298 2660; x_wconf 86' lang='lat' dir='ltr'>ratione</span> <span class='ocrx_word' id='word_1_256' title='bbox 311 2553 400 2669; x_wconf 68' lang='lat' dir='ltr'>ilham,</span> <span class='ocrx_word' id='word_1_257' title='bbox 418 2623 436 2658; x_wconf 82' lang='lat' dir='ltr'>a</span> <span class='ocrx_word' id='word_1_258' title='bbox 446 2622 500 2675; x_wconf 91' lang='lat' dir='ltr'>qua</span> <span class='ocrx_word' id='word_1_259' title='bbox 515 2620 572 2673; x_wconf 88' lang='lat' dir='ltr'>rpsc</span> <span class='ocrx_word' id='word_1_260' title='bbox 588 2610 734 2669; x_wconf 86' lang='lat' dir='ltr'>tantopere</span> <span class='ocrx_word' id='word_1_261' title='bbox 750 2601 932 2662; x_wconf 87' lang='lat' dir='ltr'>abhorrebat,</span> <span class='ocrx_word' id='word_1_262' title='bbox 945 2600 987 2650; x_wconf 88' lang='lat' dir='ltr'>in·</span> 
     </span>
    </p>

    <p class='ocr_par' dir='ltr' id='par_1_9' title="bbox 163 2663 1054 2748">
     <span class='ocr_line' id='line_1_38' title="bbox 163 2663 1054 2748; baseline -0.011 -22"><span class='ocrx_word' id='word_1_263' title='bbox 163 2736 166 2741; x_wconf 22' lang='lat'>¹</span> <span class='ocrx_word' id='word_1_264' title='bbox 189 2675 324 2728; x_wconf 82' lang='lat' dir='ltr'>finitatem</span> <span class='ocrx_word' id='word_1_265' title='bbox 342 2675 448 2728; x_wconf 81' lang='lat' dir='ltr'>induci:</span> <span class='ocrx_word' id='word_1_266' title='bbox 468 2674 515 2742; x_wconf 88' lang='lat' dir='ltr'>qui</span> <span class='ocrx_word' id='word_1_267' title='bbox 532 2686 600 2724; x_wconf 83' lang='lat' dir='ltr'>vero</span> <span class='ocrx_word' id='word_1_268' title='bbox 615 2671 718 2738; x_wconf 91' lang='lat' dir='ltr'>optime</span> <span class='ocrx_word' id='word_1_269' title='bbox 734 2670 856 2722; x_wconf 85' lang='lat' dir='ltr'>sensisse</span> <span class='ocrx_word' id='word_1_270' title='bbox 870 2666 988 2723; x_wconf 86' lang='lat' dir='ltr'>creduu-</span> <span class='ocrx_word' id='word_1_271' title='bbox 1048 2663 1054 2748; x_wconf 62' lang='lat' dir='ltr'>l</span> 
     </span>
    </p>
   </div>
   <div class='ocr_carea' id='block_1_3' title="bbox 0 0 1085 3002">
    <p class='ocr_par' dir='ltr' id='par_1_10' title="bbox 0 0 1085 3002">
     <span class='ocr_line' id='line_1_39' title="bbox 0 0 1085 3002; baseline 0 0"><span class='ocrx_word' id='word_1_272' title='bbox 0 0 1085 3002; x_wconf 95' lang='lat' dir='ltr'> </span> 
     </span>
    </p>
   </div>
   <div class='ocr_carea' id='block_1_4' title="bbox 1040 2935 1051 2989">
    <p class='ocr_par' dir='ltr' id='par_1_11' title="bbox 1040 2889 1052 2989">
     <span class='ocr_line' id='line_1_40' title="bbox 1040 2935 1051 2989; baseline 0 0"><span class='ocrx_word' id='word_1_273' title='bbox 1040 2935 1051 2989; x_wconf 82' lang='lat' dir='ltr'>l</span> 
     </span>
    </p>
   </div>
  </div>
 </body>
</html>
