2156 3008
198 195 246 246 itt
471 185 624 248 omnnio
640 191 723 247 XVi.

195 313 256 349 cum
266 293 431 348 recolendas
443 309 476 348 ec
487 295 667 348 celebrandas
678 293 827 356 referrem,
842 294 944 362 quibus
952 311 995 348 ns.

195 379 249 432 que
263 379 281 414 a
292 377 380 430 puero
393 364 503 414 deditus
517 363 601 426 Μ’),
620 362 696 412 etad
710 361 880 412 mandandas
895 363 995 416 litteris

195 431 384 498 cogitationes
396 433 528 496 quasdam
539 443 628 491 meas,
642 427 740 494 quibus
750 429 902 491 efficerem,
915 445 996 480 cona·

194 502 243 548 rer·
252 495 362 564 quidem
373 503 457 558 certe,
468 503 507 559 ut,
518 495 594 564 quoti
603 493 672 546 mihi
681 495 769 546 otium
776 494 926 562 Hippolyti
934 497 996 546 Gar-

197 564 297 616 dinalis
307 563 494 614 Ferrariensis
502 599 510 624 ,
525 563 680 615 studiorum
693 575 726 612 ac
739 561 912 612 fortunarum
926 577 996 612 ntea·

195 645 257 682 rum
265 630 387 696 patroni,
397 643 504 680 summa
513 629 682 680 liberalitate
690 628 866 690 conceditur,
877 629 938 678 eius
950 629 997 678 nli·

196 699 257 764 quis
268 695 376 746 fructus
389 710 444 745 non
458 696 494 746 ad
502 701 664 762 praesentes
674 695 757 745 modo
769 701 798 745 et
807 705 856 744 eos
869 695 916 760 qui
926 710 996 745 nunc

197 769 274 823 sunt,
286 762 337 812 sed
347 768 376 812 et
385 777 457 812 nunc
466 762 502 814 ad
512 769 624 812 exteros
637 768 666 812 et
676 762 742 812 olim
753 761 788 810 ari
796 767 927 827 posteros
937 775 997 826 per·

195 831 313 880 renuet.
346 828 378 878 ln
388 827 439 878 liae
452 841 498 878 me
512 829 684 896 cogitatione
696 828 815 886 defixum
830 834 860 878 et
868 833 998 894 tanquam

195 896 225 946 in
243 901 338 962 portu,
362 895 535 960 complicatis
554 891 626 945 velie
643 896 801 962 ceterisque
818 897 996 945 armamentis

197 961 325 1012 omnibus
336 963 513 1028 compositis,
531 957 731 1028 quiescentem,
745 966 851 1024 vestra,
866 959 995 1011 Cardine·

195 1027 238 1080 les
252 1027 429 1092 amplissimi,
445 1029 597 1080 auctoritas
611 1026 767 1094 expergisci
782 1025 873 1081 denuo
890 1031 922 1078 et
934 1027 996 1078 sub·

195 1095 307 1146 (luctam
317 1095 371 1145 iam
383 1096 483 1157 navins,
493 1101 598 1145 mutato
609 1096 737 1156 consilio,
746 1093 888 1146 ‘deducere
896 1101 925 1144 et
934 1093 997 1143 vela

196 1163 287 1212 venus
301 1162 421 1228 pandere
436 1163 539 1230 coegit.
576 1160 732 1222 quaemihi
741 1173 831 1212 resen
842 1159 996 1211 mirabilior

196 1229 258 1279 visa
273 1235 328 1290 est,
347 1229 421 1296 quod
434 1245 490 1282 non
504 1229 621 1281 deerant
634 1227 761 1280 homines
773 1234 802 1279 et
813 1227 954 1294 ingeniosi
967 1231 996 1278 et

197 1295 301 1346 eruditi
320 1303 350 1346 et
369 1298 528 1360 exercitati,
544 1299 595 1366 qni
612 1295 696 1347 vobis
712 1295 751 1347 ari·
762 1293 818 1346 lloc
829 1309 928 1346 munus
948 1292 996 1344 ob·

181 1362 317 1416 eundum
335 1363 410 1414 ultro
431 1365 551 1414 studium
571 1369 657 1428 atque
673 1377 785 1428 operam
798 1361 997 1428 profiterentur

197 1443 289 1482 suam:
307 1443 423 1496 quornm
437 1433 519 1482 etiam
533 1443 618 1478 unum
628 1441 645 1476 a
656 1429 773 1493 meipso
786 1440 851 1476 vere
865 1433 948 1494 etque
961 1439 998 1477 cx

197 1496 289 1546 animo
303 1497 522 1552 commendatum
535 1507 598 1551 esse
610 1495 733 1552 memini,
766 1491 864 1556 ltaque
876 1494 945 1544 utin
956 1491 999 1543 lri·

198 1564 294 1613 storiis
305 1569 360 1623 est,
372 1577 430 1622 eos,
442 1563 492 1625 qui
498 1560 536 1608 M.
547 1559 679 1606 Catonem
689 1558 716 1606 in
777 1562 873 1606 eturae
902 1560 998 1610 etitio·

198 1643 234 1679 ne
246 1633 421 1695 supererant,
433 1627 568 1688 ipsosmet
580 1622 674 1670 miras-i
687 1635 719 1670 so
731 1621 799 1680 ltos,
812 1633 868 1683 quo
903 1627 999 1675 setall

197 1695 259 1746 viro
269 1693 386 1760 populus
396 1692 535 1740 Ronmnus
544 1683 736 1748 praetulisset,
754 1683 910 1746 siciateou,
925 1689 1000 1740 mihi

196 1761 295 1811 mirum
304 1759 394 1808 visum
404 1767 481 1813 esse,
495 1749 560 1815 quid
569 1749 609 1800 ita
618 1749 698 1801 robis
707 1751 800 1818 potius
810 1750 940 1814 libuerit,
949 1768 999 1808 me

196 1827 254 1876 ulia
262 1826 317 1874 iam
331 1821 423 1871 omnia
436 1817 616 1884 cogitantem,
631 1815 715 1868 etiarn
727 1833 788 1870 cunr
799 1819 892 1885 aliqua
900 1819 937 1871 ad
949 1837 998 1872 ve-

196 1898 242 1943 tus
253 1885 430 1938 honorarium
441 1883 603 1935 accessione
611 1897 756 1948 resecare,
771 1897 853 1953 quum
861 1885 891 1938 in
901 1885 998 1940 locum

196 1967 288 2006 meum
300 1953 421 2018 aliquem
434 1951 514 2005 exiis
527 1952 656 2004 sufficere
669 1967 702 2004 ac
714 1953 896 2018 srmstituere,
908 1957 958 2021 qui
967 1955 997 2006 id

195 2023 226 2072 in
238 2019 368 2070 beneficii
377 2019 440 2080 loco
451 2019 591 2088 petebant.
626 2019 709 2081 Quen
727 2035 782 2090 ego
795 2035 887 2088 neque
897 2021 940 2086 ita
950 2035 996 2073 sne

99 2103 107 2112 “
196 2079 313 2154 ignoro,
325 2093 357 2139 ut
367 2087 436 2138 mihi
448 2087 583 2150 tribuam,
593 2101 626 2138 ae
640 2102 696 2139 non
710 2095 818 2149 vestrae
837 2090 930 2156 potius
947 2086 997 2139 hu·

159 2209 164 2216 ,
196 2153 334 2220 manituti,
349 2170 428 2223 quam
442 2156 493 2208 ulli
506 2155 609 2206 merito
621 2169 685 2206 meo
701 2162 842 2222 acceptum
852 2154 956 2219 feram,
968 2161 998 2205 et
1059 2165 1060 2212 ἕ

197 2228 290 2274 tomen
299 2238 355 2274 non
366 2222 453 2276 ‹lebeo
465 2229 583 2276 essesut
593 2221 724 2284 mucrene
736 2223 897 2290 dignitatem
905 2236 997 2274 meam

197 2289 739 2356 nutaduersusvcstsaiudiciaimprobe
754 2291 889 2341 ctuiosus.
925 2287 998 2340 Nem
1059 2331 1060 2334 ,

198 2357 257 2409 sire
267 2357 373 2425 aliquid
384 2358 485 2408 osseis
493 2371 549 2418 me,
565 2371 614 2407 cur
623 2353 669 2406 hic
678 2353 767 2408 horres
776 2354 843 2408 nini
854 2351 998 2406 habendus

196 2430 288 2488 esset,
302 2425 465 2486 iudicastis,
478 2425 574 2490 potius·
586 2423 652 2473 eniti
668 2437 700 2472 cc
714 2421 887 2474 contendere·
896 2421 998 2484 usone,

198 2498 230 2549 ut
239 2497 359 2544 vestram
373 2490 407 2542 de
418 2504 464 2542 nrc
474 2490 632 2556 opinionem
642 2488 726 2540 rebus
738 2489 908 2550 confirmem,
916 2501 1000 2556 qnam
1059 2551 1060 2560 ἵ

173 2609 176 2614 ’
236 2590 257 2644 ·)
273 2591 362 2635 Similis
376 2590 416 2634 hic·
430 2587 492 2656 lotum
511 2591 547 2632 est
561 2589 686 2656 virernnis·
703 2587 730 2630 tle
750 2591 809 2629 orat..
816 2585 839 2628 1..
846 2585 865 2640 β
876 2589 903 2628 t:
916 2587 945 2629 sel
960 2597 999 2629 eas
1059 2611 1060 2616 =

198 2649 371 2748 ffisslqffin
381 2659 401 2690 a
407 2654 485 2705 pacm
495 2646 568 2690 motti
573 2643 675 2703 finnus,
689 2641 836 2749 eelelmnlm
844 2643 905 2685 inter
914 2653 999 2704 nosque

789 2793 921 2898 „w
