2154 3002
398 279 550 342 onorio
569 279 594 333 i.
803 263 805 268 “
859 283 892 334 15

95 389 128 438 ut
140 380 251 434 umbras
261 382 402 450 perinane
411 381 562 434 volitantes
571 381 677 449 vagari.
704 379 787 444 Quod
796 380 821 434 si
831 383 892 450 quis

96 463 171 512 eam,
186 461 257 516 quae
272 461 307 500 ex
316 447 469 499 levioribus
479 447 579 504 studiis
593 449 756 516 percipitur,
771 451 893 501 amoeni·

95 523 183 571 tutem
193 515 324 582 requirit,
339 529 374 565 ne
389 529 449 565 eam
460 513 571 580 quidem
580 515 608 566 in
619 514 800 568 feracissimis
814 514 893 567 theo·

2 593 3 656 ζ
96 583 191 650 logice
202 582 305 698 campis
321 579 426 632 irustre
436 580 646 636 desideraverit.
679 581 818 634 Nanisire
828 585 893 648 poe:-

2 665 3 690 i
96 651 162 701 ticis
181 649 265 701 modu
277 648 417 699 ationibus
438 662 520 700 aures
543 647 699 700 demulcere
719 650 893 710 meditamur,

1 747 4 764 2
97 717 159 784 quis
168 730 289 782 unquam
297 715 338 765 ita
346 714 376 765 in
386 711 440 766 hoo
455 728 558 781 genere
569 714 713 778 excelluit,
726 721 758 768 ut
768 731 829 766 cum
838 715 893 767 Do·
920 765 926 778 ,

2 789 3 794 ’
96 783 160 834 ride
174 787 349 847 comparatus
362 795 420 831 non
438 780 567 832 sordenti
584 781 639 832 nisi
655 780 729 833 forte
744 781 893 850 Orpheum,

97 849 262 910 Homerum,
273 847 424 898 Pindarum
433 846 468 898 dc
478 845 628 899 levissimis
639 848 800 916 plerumque
811 847 893 918 nugis
980 863 983 872 “

98 914 182 967 rerba
190 913 338 976 fundentes
348 913 444 965 audire
454 919 586 993 praeptet,
594 929 679 1030 guam
688 915 766 966 ilium
775 915 837 994 Deo
849 930 892 994 np-

96 979 592 1049 oeptiseimumregemnuncllerlau
612 979 893 1047 esplenohilnrrtetrs

97 1049 227 1101 oratione
236 1045 413 1109 referentem,
423 1062 494 1098 nunc
505 1046 630 1098 eiusdem
640 1048 773 1100 auxilium
781 1049 893 1100 insum·

2 1146 3 1151 κ
33 1131 35 1138 ·
95 1116 149 1168 mis
159 1116 218 1166 suis
228 1111 435 1167 difficultatibus
451 1113 659 1182 implorantem,
670 1129 742 1167 nunc
754 1117 895 1178 insecten-¹

2 1224 3 1243 ,
95 1189 153 1234 tem
162 1180 313 1247 improbos,
324 1194 395 1230 nunc
405 1180 839 1246 commendantemprobos,uunc
849 1195 892 1244 ee,

97 1246 892 1315 quaemultispostensaecuiiscontigerunt,itasubiicicn·
988 1268 990 1278 ¹

96 1321 155 1365 tem
165 1313 266 1374 oculis,
281 1317 311 1364 ut
320 1312 411 1364 nullus
422 1327 456 1364 ee
465 1313 564 1365 melius
573 1312 684 1380 Apelles
696 1313 726 1364 in
738 1313 834 1364 tabule
845 1328 910 1382 ex2

1 1401 9 1415 ·
96 1381 214 1448 pingere
222 1379 440 1446 potuissetzsivc
452 1375 585 1432 historice
593 1379 892 1448 cognitionedncimnr,

96 1447 170 1500 unde
178 1447 318 1508 veriores,
335 1446 409 1498 unde
419 1447 491 1497 scitu
502 1445 644 1514 digniores
653 1445 800 1510 historias,
811 1461 893 1514 quem

97 1514 230 1566 exsectis
239 1513 492 1580 litteris‚repetere
523 1513 683 1565 oterimusi.
703 1514 892 1567 Anverosuo·

95 1581 158 1632 rins
175 1586 219 1632 est
234 1579 421 1646 cognoscere,
441 1581 487 1648 qui
525 1580 630 1632 Croeso
649 1581 679 1631 in
690 1579 803 1642 Medos,
825 1581 892 1648 quid

96 1643 205 1714 Pyrrho
214 1637 254 1698 ‘in
266 1647 406 1698 Romanos
426 1647 632 1713 expeditionem
650 1649 760 1714 parenti
779 1647 892 1716 oblique

94 1713 205 1779 Apollo,
215 1727 297 1779 quom
307 1711 374 1781 quid
381 1711 455 1764 Mori
465 1714 501 1764 ed
511 1713 693 1777 Pharaonem,
703 1714 769 1782 quid
780 1714 892 1767 snmus·

95 1779 117 1832 li
128 1780 159 1831 in
176 1779 353 1832 Palaestinos
375 1780 564 1846 proficiscenti
576 1788 672 1847 aperte
694 1797 727 1833 uc
744 1782 891 1849 perspicue
970 1781 974 1788 '

94 1846 172 1898 Deus
188 1843 463 1914 ipse-responderiti
497 1848 636 1914 quomodo
654 1847 777 1916 Regulus
791 1863 808 1898 a
825 1849 891 1899 Cor·

94 1911 329 1980 tiroginiensibus,
347 1927 430 2030 guam
444 1916 583 1982 quomodo
598 1914 730 1967 Serrntor
749 1909 777 1966 et
793 1913 890 1986 Σωτὴρ

95 1975 207 2032 hermoni
220 1979 331 2047 generis
369 1978 472 2032 hristus
487 1995 504 2031 e
517 1978 627 2033 ludaeis
641 1983 716 2050 omni
730 1982 890 2035 crudelissi-

94 2059 202 2097 morum
210 2043 407 2113 suppliciorum
417 2060 519 2115 genere
530 2047 673 2100 divcxatus
683 2047 782 2100 fueriti
794 2047 890 2102 lucun-

1 2107 5 2122 '
95 2112 194 2164 diurne
212 2119 260 2164 aut
271 2111 442 2164 fructuosius
461 2113 627 2166 arbitramur
637 2115 811 2183 intelligere,
830 2115 890 2183 qui·

94 2177 144 2248 bps
160 2179 266 2230 ortibus
278 2179 399 2246 Assyrii,
413 2179 532 2243 Persae,
545 2181 662 2233 Romani
676 2187 784 2234 ceteros
799 2183 890 2234 natio·

94 2259 143 2298 nes
162 2244 328 2308 devicerint,
346 2260 427 2326 quam
446 2246 544 2316 quibus
563 2245 752 2314 augustissimi
768 2249 811 2302 illi
824 2249 888 2301 reli-

114 2311 185 2364 'onis
197 2317 310 2364 nostrae
321 2311 460 2380 principes
473 2312 521 2364 aiii
541 2328 576 2364 uc
589 2315 718 2382 deinceps
733 2317 888 2368 innumerae

94 2325 164 2430 {dies
174 2379 271 2432 corum
283 2377 403 2446 vestigia
417 2379 507 2430 secuti
518 2328 691 2439 ghristinnne
705 2381 819 2434 ditionis
832 2388 888 2433 ter·

93 2445 182 2497 minos
196 2444 402 2512 ampliaverinti
421 2443 573 2497 Oincbetcs
588 2456 617 2500 et
631 2448 758 2514 stupidos
779 2454 839 2510 eut,
856 2451 888 2500 ut
933 2481 937 2490 «

93 2511 185 2564 verius
198 2513 300 2572 dicem,
313 2513 432 2563 miseros
444 2518 473 2564 et
482 2513 623 2580 perditos,
634 2515 660 2566 si
674 2515 721 2582 qui
737 2512 834 2568 hurum
842 2526 885 2564 re·

91 2591 151 2628 rom
170 2578 335 2630 suavitatem
360 2577 535 2646 fructumque
559 2581 767 2632 consentiunt:
789 2585 886 2632 contra

91 2658 167 2708 vero,
178 2659 194 2696 o
205 2649 287 2696 teret
296 2643 501 2710 quatercentos
510 2645 756 2716 illos,quorumito
766 2644 886 2698 estuffe·

119 2733 139 2790 ¹)
156 2732 276 2780 cicestren.
290 2737 318 2780 de
328 2735 359 2782 11.
370 2735 438 2782 Cous.
449 2734 540 2782 stilich.
554 2740 602 2782 160.
611 2751 653 2784 nec
666 2735 776 2797 wmarus
785 2749 884 2796 mam
916 2774 919 2783 .

92 2787 210 2837 Romanas
219 2792 314 2838 rosim
321 2791 372 2838 erit.
450 2829 453 2841 ,
