2156 3008
352 183 511 260 onsrro
529 181 582 236 rx.
831 187 864 239 ot
928 223 935 246 a

63 295 211 350 conentur,
222 287 248 338 si
256 286 331 354 ignis
340 285 465 352 proxime
476 284 529 336 sibi
539 287 710 352 suppositam
719 285 865 341 animalem

62 356 281 424 spirabilemque
312 358 438 403 naturam
464 351 596 418 depascat
624 358 652 402 et
676 353 816 414 absumat,
841 353 868 405 si

63 423 136 491 aqua
149 437 207 473 non
221 419 401 473 contentatiis
417 418 554 480 terminis,
574 431 644 484 quos
658 419 765 485 pepigit
778 417 867 490 Deus?¹

61 499 168 542 terram
180 486 289 552 operiat
299 491 328 536 et
337 483 450 537 obruat:
469 485 530 550 quis
540 499 597 535 non
605 485 750 552 intelligit,
764 486 866 564 peritu-

63 572 96 608 ra
113 553 241 606 funditus
261 551 352 602 omnia
373 557 401 602 et
416 550 501 602 talem
517 551 652 617 quandam
666 549 866 614 confusionem,

65 623 177 690 qualem
193 622 293 686 poetae
307 622 370 670 ante
386 617 485 670 orbem
495 616 635 668 conditum
650 616 738 670 fuisse
751 617 867 684 lingunt,

65 684 294 740 consecuturaml
313 683 386 742 Quid
413 699 474 734 cum
502 689 596 750 partes
618 699 714 735 eorum
742 684 868 752 copulari

67 769 98 806 ac
119 753 282 805 coalescere
297 749 333 800 ad
351 749 407 800 alin
426 763 545 815 corpora
557 749 749 816 progignenda
762 758 791 802 et
804 767 868 802 cun·

68 819 210 872 stituenda
230 821 354 883 oportet,
373 829 464 868 nonne
482 816 591 866 iustitia
603 817 719 884 quadam
733 823 867 884 tempera·

68 888 152 938 tionis
164 886 240 937 illius
250 883 434 934 moderatrice
452 897 521 949 opus
538 888 594 943 est,
612 888 643 933 ut
659 890 764 934 tuntum
778 885 867 936 cuius-

67 967 181 1020 quepro
194 950 405 1016 rataportione,
438 957 549 1000 uantum
566 948 634 999 satis
647 954 702 1011 est,
718 950 867 1002 admiscea-

67 1019 129 1071 turi
146 1019 179 1070 ln
192 1018 241 1069 illa
261 1017 344 1068 etiam
359 1030 414 1082 qun
448 1015 560 1081 ipartitn
573 1019 767 1081 tempestatum
780 1017 871 1086 varie·¹

68 1093 139 1148 tate,
154 1099 210 1153 qua
221 1085 367 1135 distinctus
378 1088 529 1144 astaudus,
545 1081 619 1133 idem
629 1081 771 1134 obseruari
784 1096 868 1148 posse

68 1153 207 1204 dicebant
243 1148 321 1209 Quae
344 1163 406 1200 cum
427 1150 468 1200 ita
488 1153 565 1210 eunt,
588 1153 620 1199 ut
642 1147 759 1215 quadam
780 1149 871 1215 ipsius

69 1225 184 1270 naturae
206 1217 286 1284 quasi
304 1217 367 1283 lege
381 1217 516 1267 sancitum
539 1219 595 1277 est,
616 1212 670 1265 hoc
690 1220 745 1277 est,
765 1229 826 1266 cum
840 1219 869 1268 et

70 1286 152 1338 tellus
163 1283 304 1348 conceptis
315 1282 465 1334 seminibus
476 1279 591 1332 hiberno
605 1279 710 1348 frigore
721 1280 868 1348 adstringi-

68 1358 125 1415 tur,
144 1358 176 1404 et
189 1351 281 1401 vernis
299 1348 418 1400 modicis
436 1347 569 1400 imbribus
589 1361 621 1398 ac
635 1354 732 1413 tepore
750 1347 868 1408 laxatur,

70 1431 131 1470 cnm
150 1423 182 1470 et
198 1416 294 1483 fruges
313 1415 475 1481 fructusque
496 1414 628 1479 arborum
648 1416 754 1466 aestivo
774 1414 868 1467 calore

70 1485 155 1552 probe
175 1487 394 1550 percoquuntur,
414 1488 443 1532 et
461 1481 560 1533 eodem
580 1481 630 1533 sub
649 1485 808 1534 autumnum
825 1495 868 1532 re·v
900 1495 902 1500 ’

71 1553 196 1603 mittente
214 1563 245 1600 se
265 1549 406 1616 paullatim
420 1563 452 1599 nc
466 1547 612 1615 frangente
630 1549 791 1613 mitescunt,
810 1554 869 1599 tum
890 1601 893 1608 ,

71 1619 100 1670 et
124 1615 321 1668 saluberrimus
350 1631 437 1668 annus
459 1621 550 1666 estet
571 1615 689 1668 maxima
715 1630 808 1668 rerum
833 1614 869 1666 ad

72 1686 174 1736 victum
195 1683 414 1734 necessariarum
436 1681 564 1733 ubertate
583 1697 616 1735 ac
640 1683 721 1750 copia
740 1683 867 1750 insignis·

73 1751 139 1802 Cum
153 1753 254 1802 contra'
265 1751 308 1811 lit,
324 1754 381 1801 tum
399 1754 427 1799 et
441 1749 543 1804 caritas
559 1750 670 1801 exsistit
686 1763 823 1812 annonae,
840 1756 870 1800 et

72 1817 156 1868 variis
171 1817 329 1868 morbosum
350 1816 498 1882 generibus
515 1831 595 1868 omne
612 1831 699 1884 genus
713 1817 870 1868 animalium

73 1881 175 1934 tentari
184 1883 267 1934 solet.
302 1883 423 1949 Cumque
433 1883 621 1950 rmnsqnisque
631 1889 754 1935 nostrum
764 1883 870 1938 duabus

74 1948 250 2016 expertibus
271 1949 434 2000 coniunctus
453 1955 654 2015 concretusque
672 1952 724 2014 sit,
752 1963 869 2029 corpore
908 1967 910 1970 ·
933 1980 935 1986 ι

75 2020 104 2065 et
117 2017 221 2076 animo,
237 2029 331 2066 earum
345 2016 463 2082 partium
475 2029 509 2066 ex
522 2021 650 2081 utraque,
664 2030 734 2082 qnae
744 2017 870 2069 iustitiae

74 2080 281 2148 iniustitiaeque
294 2083 335 2131 ris
355 2089 443 2145 esset,
461 2079 568 2148 liquido
581 2082 700 2148 perspici
723 2097 806 2151 posse
824 2081 870 2134 ad·

76 2147 249 2200 serenabant'
282 2147 381 2200 Omnia
413 2148 485 2199 enim
517 2148 604 2213 mala,
640 2149 732 2200 omnia
763 2150 870 2210 damna,

77 2227 184 2265 omnem
202 2214 353 2280 perniciem
371 2221 399 2268 et
417 2213 579 2281 corporibus
596 2218 625 2263 et
641 2214 738 2267 animis
754 2230 789 2268 ex
800 2217 870 2268 iniu-

76 2281 153 2332 stitia
163 2282 287 2344 evenire3
305 2279 872 2345 iustitiasalutem,incolumitatem,bona

78 2345 195 2414 denique
223 2347 316 2398 omnia
339 2347 411 2398 effici
429 2361 462 2398 ac
490 2346 636 2398 contineri.
670 2344 739 2398 Nam
763 2363 824 2400 cum
838 2348 871 2400 ,in

78 2412 239 2480 corporibus
258 2419 378 2481 quatuor
400 2414 468 2480 sint,
496 2427 566 2480 quae
589 2417 710 2480 quatuor
728 2411 871 2468 elementis
955 2442 959 2449 ·

77 2481 256 2546 proportione
274 2479 462 2546 respondeant
492 2481 551 2547 igni
570 2478 641 2532 tlsvs
661 2479 739 2541 bilis,
764 2481 871 2532 animae

78 2547 204 2613 sangnis,
223 2561 311 2613 equae
325 2545 438 2613 pituita,
452 2515 522 2619 ‘bilis
537 2553 597 2598 atra
607 2552 711 2600 terrae:
731 2560 811 2614 quarn
824 2545 871 2596 diu

78 2609 146 2664 haec
167 2627 228 2663 cum
248 2612 447 2680 aequabilitate
467 2613 584 2680 quadam
602 2613 675 2664 inter
692 2627 722 2664 se
741 2614 873 2681 permista

79 2685 153 2741 sunt,
171 2673 295 2730 valemus
310 2693 343 2730 nc
356 2679 493 2745 vigemus3
513 2694 683 2732 cumeorum
695 2679 810 2749 aliquod
825 2685 873 2748 aut

111 2743 323 2798 blenau-On.
465 2769 468 2778 ·
567 2817 577 2824 -
643 2745 668 2800 (i
