2146 3008
355 159 603 216 oanrroxur.
801 127 885 222 'jan

90 265 190 334 esset,
201 265 309 322 abunde
325 277 419 318 omnes
434 277 490 317 non
505 262 707 331 exspectationi
721 261 818 325 moia,
837 262 886 314 secl

8 339 9 368 ἢ
90 339 195 408 optatis
215 348 323 402 quoque
343 333 446 384 nostris
465 330 638 382 satisfactum
655 330 717 381 iore
737 328 886 380 arbitraba·

54 455 56 461 Α
88 420 161 458 mur.
194 403 232 453 Ut
251 408 341 466 autem
357 399 419 450 sine
441 413 542 466 magna
560 404 718 448 nostrorum
736 396 815 447 clade
833 410 887 446 am-

8 517 9 538 ,
89 471 164 540 plius
175 467 357 536 quadraginta
365 464 486 534 bostium
496 465 585 516 millia
597 464 791 525 caederentur,
801 468 832 512 ut
841 463 887 530 tle·

8 583 9 600 ,
91 553 153 590 cem
165 543 194 586 et
203 549 237 585 eo
247 534 362 600 amplius
372 531 794 597 milliacaperentur,utcentum
804 543 887 580 nona·
914 579 917 584 ,

91 605 171 672 ginta
180 602 298 670 quinque
308 600 419 651 illorum
429 600 560 660 triremes,
570 600 679 666 aliaque
691 595 832 665 complura
841 609 887 646 na·

89 670 228 736 nigrorum
244 681 348 733 genera
359 667 388 716 in
400 673 559 718 nostrorum
573 671 739 730 potestatem
753 663 888 726 venirent,

90 736 193 803 utplus
204 733 358 803 quindecim
373 733 714 798 captivorum-nostrorum
723 731 811 781 millia
820 729 888 780 liba·

89 807 231 863 rarenter,
247 807 278 851 ut
291 814 326 852 ex
337 805 416 850 tanta
428 798 538 848 illorum
563 799 741 851 multitudine
754 798 807 849 vix,
817 812 887 848 unus

111 868 213 920 erfidus
231 867 334 932 pirate,
354 870 383 914 et
399 879 469 914 unus
487 866 556 926 item
572 864 728 914 saevissimi
740 863 888 931 praedonis

90 884 221 988 {aaroni
232 923 384 997 lilius'fuga
396 929 583 989 elaberentur,
595 930 642 995 qui
652 929 687 979 ad
697 931 830 996 superbas
839 934 888 980 im·

57 1009 61 1012 ·
91 1001 180 1053 manis
190 997 390 1063 illiustyranni
403 1007 483 1044 aures
499 994 706 1045 acerbissimum
722 997 889 1062 minimeque

92 1069 128 1119 ab
139 1069 200 1132 ipso
211 1069 399 1128 exspectatum
408 1065 502 1110 tantae
513 1059 600 1110 cladis
610 1061 738 1110 nuncium
748 1061 888 1126 afferrent,

93 1135 155 1200 quis
166 1145 284 1198 unquam
294 1133 490 1188 nostrumnon
499 1125 589 1176 dicam
598 1139 719 1192 sperare,
730 1127 780 1177 sed
790 1141 889 1193 propa·

92 1199 207 1251 modum
225 1201 321 1262 optare
341 1207 424 1242 ausas
452 1191 518 1260 esti
536 1191 732 1243 Praecucurrit
753 1192 889 1244 fortitudo

90 1271 188 1317 vestra
200 1277 264 1328 spes
279 1264 401 1319 nostras,
417 1269 542 1324 quaeque
556 1271 608 1308 nos
624 1257 772 1309 nelrustra
782 1266 889 1325 optare·

8 1385 9 1392 ,
92 1346 154 1384 runs
164 1326 335 1387 verebamur,
345 1331 376 1375 ut
385 1328 448 1388 eat)
459 1323 563 1375 frustra
572 1323 662 1377 hostis
673 1331 794 1392 optaret,
805 1326 890 1378 admi·
929 1359 930 1364 =
947 1352 950 1359 Δ

91 1395 177 1450 rabili
185 1393 239 1444 Dei
249 1392 384 1444 beneficio
399 1398 427 1442 et
439 1399 532 1442 vestra
544 1392 679 1459 singulari
688 1392 790 1442 virtute
799 1392 889 1458 perse·

89 1471 168 1516 'etum
184 1467 236 1513 est.
270 1457 342 1511 illud
358 1473 423 1510 vero
436 1459 617 1511 memorabile
630 1465 659 1510 et
675 1459 891 1510 animadverten-

96 1525 891 1594 rlum,nequafortuitoaccidisse,sediastissinnoDeiiu-
926 1531 928 1534 ’
1023 1563 1036 1572 ἢ

8 1619 9 1662 r
95 1597 171 1648 dicio
182 1594 311 1647 effectum
322 1607 383 1645 esse
394 1593 561 1645 credendum
570 1597 624 1655 est,
636 1594 722 1660 quod,
734 1595 780 1711 ‹pui
791 1595 845 1646 duo
857 1607 891 1644 ex

96 1663 147 1716 illa
155 1663 261 1730 impura
268 1661 492 1725 foedissimorum
501 1661 700 1729 mancipiorum
708 1677 740 1712 co
754 1661 827 1712 lunia
836 1673 892 1711 ma·

96 1730 184 1782 rimas
194 1729 281 1780 minas
291 1731 410 1791 iactare,
424 1730 470 1794 qui
484 1730 531 1780 uni
542 1743 576 1780 ex
587 1729 712 1780 omnibus
723 1726 893 1780 Christiano·

8 1829 10 1864 ,
97 1810 157 1847 rum
176 1799 258 1848 vires
268 1796 385 1846 maxime
401 1796 546 1860 despicere
559 1795 637 1848 soliti
649 1801 740 1858 erant,
760 1803 791 1847 ut
809 1795 892 1846 etlam

99 1861 172 1928 apud
191 1861 269 1913 illum
288 1861 420 1912 stolidum
447 1875 480 1910 ae
497 1861 634 1920 furentem
653 1863 793 1914 dominum
815 1873 895 1914 suum

99 1930 161 1981 ausi
175 1934 269 1980 essent
279 1927 406 1994 gloriari,
417 1940 448 1976 sa
458 1933 568 1976 centum
577 1929 749 1992 triremibus,
761 1927 894 1996 quidquid

98 2010 213 2062 usquam
227 1993 445 2044 Christianorum
461 1999 549 2054 esset,
566 1993 686 2059 undique
700 1997 895 2048 exterminatu-

97 2069 189 2115 unos:
206 2061 228 2111 ii
241 2061 426 2128 potissimum,
441 2073 502 2109 cum
512 2059 547 2109 ad
557 2073 652 2110 uranus
664 2065 774 2112 ventum
784 2070 840 2127 est,
855 2065 895 2114 itu

99 2129 191 2180 subito
204 2126 398 2196 perterrefacti
411 2131 486 2188 sunt,
505 2133 537 2176 ut
554 2139 629 2176 mare
644 2127 733 2192 ipsum
748 2138 893 2196 angustum

100 2195 142 2248 eis
152 2208 214 2246 esse
225 2193 259 2244 ad
267 2191 361 2260 fugam
371 2193 520 2244 videretur.

135 2261 158 2310 0
168 2259 266 2312 Nonae
278 2259 423 2324 Octobres,
434 2273 516 2326 quam
525 2257 642 2309 iausmm
653 2273 685 2308 ac
695 2258 805 2310 felicem
815 2263 896 2314 nobis

120 2328 278 2394 caterisque
301 2330 405 2388 nostris
430 2328 516 2378 vestri
542 2325 703 2376 memoriam
729 2326 895 2394 reliquistisl

99 2343 170 2456 auis
179 2408 234 2444 nou
244 2406 349 2455 eorum,
359 2393 405 2459 qui
415 2391 522 2461 proelio
534 2407 588 2443 non
598 2392 791 2456 interfuerunt,
801 2401 832 2445 ut
843 2397 896 2448 sibi

39 2475 43 2487 ¹
97 2459 895 2525 liceretspectassequaeillodiegestasunt‚annunrunum

101 2529 135 2580 de
146 2526 341 2593 consequentis
350 2527 425 2577 ritae
435 2527 616 2600 suaelspatim
627 2526 652 2578 si
662 2526 722 2578 lieri
732 2535 839 2594 posset,
851 2531 895 2582 ad·

137 2665 341 2724 ·)1’s.sa.eaut.
439 2683 447 2693 ·
