2146 3008
180 125 231 182 ror
438 119 721 192 oanrroxxvr.

179 230 221 282 ita
243 227 346 280 ceteris
367 224 536 296 principibus
558 221 626 274 viris
650 237 730 274 carus
749 226 831 290 atque
849 229 982 292 acceptus

179 295 246 358 tuit,
266 295 314 348 vix
331 299 362 346 ut
375 293 519 370 quisquam
539 305 608 340 unus
628 290 677 340 uni
690 287 781 340 carior
794 287 880 352 foret,
900 306 991 358 quam¹

180 378 251 416 uuus
270 359 317 414 hic
335 363 481 412 universis.
515 355 579 422 lpse
598 369 666 406 vero
681 361 709 408 et
724 355 815 408 officia
832 356 928 410 obibat
942 357 981 412 di·

179 429 378 496 ligentissime,
401 439 492 490 neque
513 423 600 474 ullum
624 423 697 473 diem
716 422 794 474 abire
813 423 981 490 patiebatur,

180 511 236 564 quo
254 511 310 547 non
325 501 354 545 et
365 506 462 559 regem
476 496 506 542 et
520 495 631 540 ceteros
643 489 783 556 principes
800 491 935 542 salutaret
953 498 982 544 et

180 562 303 616 cumeis
322 571 478 612 sermonem
499 555 704 618 consererem,
723 561 753 607 et
766 569 815 607 eos
835 573 889 624 quo
911 573 980 625 opus

180 636 242 682 erat
259 627 410 678 deduceret
428 640 462 675 ac
476 624 632 676 reduceret.
666 619 763 690 Neque
780 628 885 687 tamen,
906 625 982 692 quod

179 695 304 766 plerique
319 707 415 744 omnes
425 695 470 756 ⁴⁴)
490 691 575 742 aulici
587 689 706 752 faciunt,
720 689 857 756 reliquum
872 697 980 758 tempus
1051 719 1054 738 .

179 761 271 814 otiose
285 766 314 812 et
331 758 469 812 inutiliter
488 756 663 820 absumebat,
682 755 732 810 sed
750 759 879 824 repetitis
893 759 927 810 dc
940 760 981 810 in·

120 851 130 872 o
178 833 260 896 tegre
279 827 394 891 studiis,
413 825 541 880 Platonis
561 825 708 892 praecipue
728 829 757 875 et
775 824 934 877 Aristotelis
952 831 981 878 el

178 893 374 962 Xenophontis
395 908 429 947 ac
455 889 601 946 Plutarchi
623 898 651 944 et
677 892 981 950 ceterorumeiusdem

179 971 263 1018 notae
282 963 383 1026 libros,
403 961 441 1014 ad
458 959 633 1013 formandam
650 959 735 1010 vitam
749 957 825 1010 etad
842 960 981 1011 rationem

180 1031 376 1100 gubernandae
394 1028 566 1096 reipublicae
588 1025 772 1092 pertinenter,
795 1025 836 1076 ita
854 1025 981 1079 studioso

179 1097 386 1168 pervolutubat,
403 1104 438 1147 ut
450 1111 499 1152 eos
513 1096 543 1146 in
556 1109 668 1146 succum
681 1106 714 1143 ac
726 1092 888 1160 sanguinem
902 1109 982 1145 suum

179 1171 366 1226 converteret,
377 1163 523 1229 omniaque
533 1176 628 1212 eorum
640 1166 789 1226 praecepta
797 1159 827 1216 in
836 1167 981 1214 numerato

180 1229 298 1284 haberet
309 1232 381 1296 ***):
402 1231 501 1298 quibus
521 1245 575 1280 non
593 1225 629 1276 ad
647 1227 756 1278 inanem
774 1225 982 1293 loquacitatem,

181 1298 232 1351 eed
242 1297 278 1350 ad
288 1297 379 1350 danda
388 1297 576 1364 capiendaque
587 1293 621 1344 de
631 1291 715 1344 rebus
725 1293 852 1346 maximis
864 1295 984 1347 consilia
1053 1317 1054 1340 n

181 1365 346 1433 tempestive
375 1369 508 1415 uteretur.
543 1359 687 1412 Historiae
722 1374 832 1428 quoque
866 1360 984 1413 multum
1053 1403 1054 1428 ,

183 1445 285 1499 operae
305 1445 338 1484 ao
357 1430 443 1484 studii
456 1429 546 1490 dedit,
566 1428 681 1493 gnarus,
699 1426 821 1478 illustria
833 1433 986 1495 praecepta
1053 1443 1054 1451 ¹

181 1499 259 1550 nulla
267 1508 298 1550 re
311 1497 401 1563 magis
415 1509 496 1560 quam
506 1493 639 1558 exemplis
649 1490 804 1544 illustribus
815 1495 985 1549 confirmari.

155 1598 161 1617 s
181 1564 279 1633 ltaque
289 1573 346 1616 tum
356 1575 471 1620 sacram,
482 1566 539 1610 tum
549 1557 704 1623 profanam,
714 1562 773 1605 tum
783 1563 916 1622 veterem,
924 1567 986 1616 tum

181 1646 295 1690 novom,
315 1634 373 1680 tum
386 1625 582 1682 domesticam,
596 1627 655 1670 tum
669 1626 810 1670 externam
824 1623 865 1672 ita
876 1635 985 1690 pertra.

182 1689 319 1754 ctaverat,
335 1697 366 1742 ut
375 1701 537 1755 quacunque
548 1688 583 1736 de
594 1699 624 1734 re
636 1685 729 1735 dicere
738 1686 883 1750 ingressus
894 1699 985 1756 esset,
1052 1719 1053 1732 r

183 1760 295 1831 optimis
315 1764 344 1808 et
363 1751 658 1822 accommodatissimis
680 1751 814 1819 exemplis
833 1753 870 1806 ad
881 1756 985 1810 confir.

180 1890 252 1990 Μ’)
269 1887 334 1932 cmt.
345 1884 413 1932 VIII.
427 1888 461 1932 12.
471 1888 493 1932 9.
507 1883 563 1932 Siue
581 1881 709 1944 interprete
727 1897 773 1931 uua
784 1888 878 1946 poterat
890 1891 985 1937 romei
1052 1925 1053 1930 ,

242 1959 263 1988 0·
393 1987 405 2014 '
1052 1955 1053 1958 Ἴ

214 2033 247 2092 ⁸)
266 2031 605 2160 Tmnqssqqqqelrffim
614 2089 701 2134 iaciunt
710 2087 883 2146 adolescentuli,

344 2147 379 2192 Ut
387 2160 485 2192 nimum
497 2147 525 2189 ad
535 2146 625 2202 aliquod
637 2145 735 2188 studium
745 2147 876 2202 stringant.

178 2215 240 2260 Ante
249 2209 346 2272 Terent.
356 2209 428 2256 Naar.
440 2213 475 2270 (iu
487 2213 571 2256 Donet.
584 2213 612 2255 erl
626 2211 680 2254 Ten
688 2210 762 2259 locum
772 2225 840 2269 snpra
850 2213 980 2273 laudatum)

175 2271 239 2328 pleri
252 2284 279 2314 ue
289 2281 365 2314 omnes
374 2270 509 2322 subiguntur
519 2269 560 2310 sub
570 2269 685 2313 iudicium.
698 2267 734 2311 Cf.
745 2268 806 2311 osii
817 2267 847 2312 Ν.
856 2269 884 2312 Δ.
895 2275 914 2314 l.
924 2275 946 2316 8.
956 2277 979 2320 4,

179 2339 215 2384 pr.
247 2325 293 2372 ill.
304 2331 337 2369 12.
349 2321 443 2368 Terent
453 2325 544 2367 Pborn.
555 2329 575 2366 1.
586 2331 606 2368 a.
615 2327 650 2366 ²⁰.
661 2325 743 2366 lleaut.
752 2325 794 2367 lv.
804 2328 823 2367 i.
837 2329 857 2368 ².
869 2329 982 2387 pleraque

180 2383 267 2426 omnio.
295 2379 396 2426 maxine
410 2379 538 2435 probabilis
553 2379 619 2423 buius
634 2379 724 2422 dicendi
734 2379 842 2424 formulae
852 2382 980 2436 explicatio

180 2451 232 2482 etse
247 2437 350 2482 videtote
366 2436 420 2480 sebr
441 2434 520 2487 Viele,
542 2436 587 2478 und
608 2435 670 2478 diere
684 2433 741 2478 ohne
763 2435 898 2480 Ausuabme.
927 2441 982 2486 liae

178 2495 294 2594 qqradrm
302 2496 371 2548 otigo
377 2491 476 2536 uniumer'
480 2489 742 2536 cies.c.111.er.cetm·
746 2504 820 2534 omnes
827 2491 979 2540 clementii

205 2579 210 2590 .
221 2552 242 2593 9.
256 2551 290 2592 19.
300 2549 364 2592 Fen.
375 2545 393 2590 1.
405 2553 425 2592 l.
438 2553 457 2592 l.
467 2561 543 2592 omnes
551 2545 687 2604 reliquium
697 2547 757 2590 lint,
767 2547 795 2592 de
804 2547 831 2591 ll.
841 2548 889 2592 ure.
900 2561 919 2595 e.
930 2551 965 2596 ω.

207 2637 248 2693 ···)
263 2637 313 2683 Le.
322 2639 347 2684 in
355 2640 463 2696 prorupta
471 2635 573 2684 baberet.
584 2633 851 2695 oeconomici.
862 2641 910 2686 111.
951 2703 954 2710 .

768 2783 772 2791 .
836 2765 857 2792 ἱ
