2154 3002
401 193 578 270 ,ourrro
598 189 637 245 rt
891 195 925 248 rr

57 286 63 297 ’
130 291 268 362 indigent,
287 298 331 354 ut,
347 307 395 344 ens
409 293 434 345 si
448 295 509 360 quis
518 292 676 356 sustulerit,
688 291 779 346 solern
791 292 881 359 ipsum
890 293 925 346 de

131 360 233 410 mundo
251 359 401 411 sustulisse
416 360 553 412 videatur.
586 359 645 410 lise
660 374 724 421 nos,
745 358 793 412 ubi
809 361 926 425 primum

131 426 236 476 firmius
250 425 381 477 Incedere
395 434 478 492 etque
492 425 667 478 articulatim
681 425 759 492 loqui
773 439 825 477 cos
843 426 925 487 imus,
956 451 958 459 =

132 493 167 544 de
186 493 248 558 ipso
267 506 354 558 prope
368 495 504 545 nutricum
520 498 651 558 ecceptos
668 492 743 554 sinu,
764 492 807 542 ti·
831 492 931 558 ctione

100 599 104 608 ,
132 559 249 626 quedem
262 557 477 614 honestissimae
490 560 642 624 voluptatis
653 557 793 620 alliciunt,
807 556 925 616 allectos

130 625 287 692 praeceptis
297 625 486 676 saluberrimis
498 625 648 691 complent3
667 639 723 675 non
735 629 841 676 tentum
853 623 925 676 bene

132 691 256 752 dicendi,
273 703 368 742 rerum
385 693 469 743 etiem
488 692 560 744 irene
578 689 689 742 vivendi
708 696 926 742 courmoustrent

106 759 203 821 :riom
223 758 346 810 excitent
363 757 393 808 in
411 757 511 808 enimis
529 758 634 808 nostris
646 757 786 824 igniendus
803 756 928 836 gloriose

149 829 251 875 uentus
263 823 301 874 sit
313 823 342 874 in
354 823 457 874 virtute
471 823 616 891 splendor,
630 828 733 890 quents
743 825 774 875 in
786 823 863 875 vitiis
877 823 925 876 de·

131 840 270 950 inmites,
284 890 419 952 edocent3
438 903 509 956 quae
522 891 568 956 qui
578 889 664 941 semel
674 888 746 940 bene
754 891 864 954 penitus
874 889 925 941 irn-

131 953 291 1019 brienne),
309 957 332 1006 ii
342 969 480 1021 nunquam
494 969 550 1010 uon
568 961 669 1022 postes
687 961 717 1006 et
728 956 789 1007 vitii
806 956 924 1022 turpitu-

131 1023 223 1075 dinem
234 1021 308 1073 omni
318 1021 410 1073 studio
421 1020 570 1090 refugient,
580 1027 610 1073 et
619 1021 704 1073 officii
714 1019 924 1088 honestatisque

131 1092 267 1142 rationem
279 1089 361 1140 rebus
371 1087 435 1140 eliis
446 1088 572 1140 omnibus
582 1092 759 1154 anteponent.
785 1087 822 1138 Ut
831 1093 923 1160 optent

78 1156 89 1180 s
131 1157 159 1207 in
171 1160 294 1208 semente
303 1155 398 1222 posite
407 1167 471 1222 spes
480 1155 579 1206 messis
589 1161 646 1216 est,
654 1153 924 1219 itetotiusreliquse

131 1217 924 1340 diceresedretrodescendere:

126 1362 187 1412 tem
200 1353 285 1406 robur
298 1354 505 1406 adolescentiae
519 1354 641 1420 excepit,
655 1366 726 1419 quse
741 1351 852 1404 tendens
867 1351 924 1404 elie
959 1391 963 1396 .

130 1423 175 1474 'ree
187 1426 235 1472 eut
244 1421 363 1472 oninium
373 1421 576 1488 praeclararum
586 1433 678 1472 rerum
686 1419 780 1470 studio
791 1417 923 1470 accende·

35 1511 46 1519 „
128 1483 923 1553 re,auteiierentibussesecupiditatibus,quilrusespers

131 1555 278 1622 insigniter
287 1555 389 1622 agitari
398 1555 490 1618 solet,
507 1553 603 1605 frenos
614 1553 743 1614 iniicere,
757 1557 852 1618 preste
878 1551 922 1602 lit·

129 1622 467 1684 tererumtractetionem,
486 1620 595 1686 potenti
615 1618 832 1672 'l'lremistocleru
846 1632 862 1669 o
877 1619 921 1679 ἠν,

130 1703 191 1739 cnm
204 1701 330 1739 somnum
345 1701 445 1754 capere
458 1688 621 1739 odolescens
635 1702 689 1739 non
703 1691 812 1755 posset,
827 1686 922 1738 dicere

70 1801 76 1808 .
130 1755 242 1806 solitum
253 1755 377 1814 tradunt,
392 1768 423 1806 se
432 1754 569 1806 Miltiadis
582 1760 700 1819 tropaeo
717 1752 861 1819 quiescere
873 1766 922 1803 ro·

43 1871 50 1890 ,
129 1820 231 1872 lentem
241 1821 411 1883 cruciemur).
437 1821 546 1882 Quanto
556 1835 605 1873 eos
617 1821 707 1872 scrius
717 1818 827 1872 incendi
836 1823 921 1886 etque

129 1885 291 1938 inflammari
301 1899 418 1938 necesse
429 1893 484 1950 est,
498 1887 544 1953 qui
556 1887 680 1952 quotidie
694 1901 750 1938 nou
763 1887 856 1948 unius,
870 1883 922 1936 sed

129 1953 369 2004 innumerabilium
382 1951 522 2006 hominum
534 1954 636 2004 virtute
652 1953 851 2021 preestsntiunr
865 1958 921 2004 tro-

130 2032 200 2084 paea
212 2033 268 2071 non
283 2033 445 2071 enternrore
458 2021 611 2072 constituta
620 2021 655 2072 od
669 2019 764 2086 exigui
776 2020 920 2084 praedice-

129 2086 234 2142 tioneot
246 2087 392 2152 temporis,
406 2086 456 2138 sed
469 2088 505 2140 ed
517 2101 626 2139 omnem
639 2089 832 2140 aeternitatem
847 2099 921 2137 conr·

69 2185 76 2194 -
128 2153 258 2216 mendete
276 2151 378 2207 litteris
397 2153 555 2206 intuenturi
590 2152 688 2220 Neque
705 2167 772 2205 sero
794 2155 921 2220 pertime-

129 2219 259 2270 scendum
271 2224 326 2280 est,
339 2227 375 2273 ne
384 2226 432 2271 aut
440 2218 537 2271 labore
545 2217 722 2287 franguntur,
738 2226 787 2272 eut
795 2219 921 2286 voluptu-

128 2285 165 2337 tis
177 2285 340 2336 irretiantur
351 2285 493 2338 illecebris
506 2287 540 2348 ii,
559 2287 606 2353 qui
622 2289 723 2339 cessus
740 2300 807 2338 nuce
824 2285 920 2338 dorem

168 2385 189 2438 ¹)
205 2383 253 2428 cie.
261 2383 285 2426 in
294 2382 360 2426 Vere.
375 2388 408 2427 ii.
417 2387 451 2428 10.
453 2396 497 2482 ἓν.
520 2384 544 2426 ui
554 2406 565 2416 -
574 2383 627 2427 dene
657 2383 730 2428 enine
738 2385 761 2428 in
773 2383 840 2426 istius
854 2383 921 2428 ferni·

127 2435 249 2482 lieritstsm
258 2439 384 2482 resededit.
396 2439 444 2484 cie.
478 2449 523 2482 ure.
532 2437 563 2483 ll.
573 2441 606 2482 li.
644 2469 650 2482 .
672 2439 739 2483 ‘Bene
746 2441 818 2496 plane
828 2449 921 2491 uenus
942 2436 946 2444 '

127 2494 183 2538 atii
193 2494 284 2549 quidem
294 2495 391 2546 ridetur,
400 2495 441 2538 ssd
450 2497 525 2540 tenen
535 2507 579 2538 nen
588 2507 694 2538 munus.

154 2583 186 2636 ³¹)
202 2582 252 2626 cie.
268 2581 339 2626 Ture.
350 2579 391 2625 lv.
407 2584 440 2626 19.
463 2579 537 2626 Nocte
555 2579 685 2635 mlulequl
704 2581 728 2624 in
745 2578 836 2636 publico
857 2577 920 2622 Tle-

126 2635 254 2687 rnietocler,
268 2638 326 2690 qnod
337 2651 436 2680 somnum
451 2649 533 2691 tepere
549 2647 592 2678 non
607 2637 696 2691 portet,
717 2634 919 2692 qunerenlilrurque

125 2693 288 2750 responderet,
298 2691 412 2739 ldiltietlir
421 2693 522 2747 tropaeis
531 2704 556 2733 se
566 2703 579 2734 e
588 2703 664 2734 somno
675 2692 786 2736 suscitari.
