2154 3002
167 121 210 162 ιιι
463 105 664 160 VITA.

162 214 274 261 veteres
283 208 393 275 potitae
403 207 577 270 Terentium,
586 207 745 272 Horatium,
756 191 904 280 Gaudium,
917 212 966 266 Τί.
1051 181 1056 184 “

161 275 268 328 bullum
286 282 315 326 et
329 275 514 339 Propertium.
549 275 580 324 lu
593 275 631 326 M.
647 275 733 326 Tullii
752 277 820 328 item
835 277 966 331 Catilina·
1063 287 1064 296 ¹

161 343 219 394 rias
230 341 445 392 commentarius
456 347 548 392 exstat
557 343 751 409 peregregius3
764 345 966 410 castigationes

161 411 229 462 item
238 411 268 459 in
278 405 458 476 Philippicas.
484 407 562 460 Nihil
572 423 689 476 unquam
701 410 813 471 (mirum
824 411 912 475 dictu)
922 413 966 466 bis

74 505 81 512 ·
161 474 316 538 scribebat,
331 475 379 526 vix
392 473 463 526 adeo
474 475 517 526 bis
529 476 642 542 legebat
650 476 680 526 id
689 477 792 542 ipsum,
814 478 889 544 quod
899 480 967 530 scri·
1063 475 1064 510 ³

133 593 136 602 Ι
161 549 265 612 pserat,
280 555 345 593 raro
355 542 552 608 interpolabat,
567 558 623 594 non
633 559 717 609 saepe
727 544 852 596 mutabat
861 543 967 612 aliquid

162 615 211 660 aut
224 609 401 672 emendabat,
417 610 508 660 rarius
523 610 652 660 demebat
666 611 826 675 delebatve;
846 612 888 661 ita
904 627 966 662 cum

161 692 217 728 uno
229 677 416 742 quasitenore
430 675 549 728 iluereut
558 677 662 739 onmia,
676 675 747 728 nihil
760 678 816 728 nisi
829 684 923 744 aptum
937 683 966 729 et
1058 713 1064 744 ,1

1063 515 1064 608 l

1062 609 1064 712 l

162 743 401 794 accommodatum
415 743 450 794 ad
464 759 573 794 manum
587 750 762 811 mentemque
773 745 915 808 veniebat,
934 749 967 796 ut
1063 755 1064 810 l

161 809 249 862 multo
259 809 378 862 meliora
386 809 505 863 fortuito
516 811 559 862 illi
569 811 740 873 exciderent,
755 827 836 878 quam
846 813 905 874 alii,
917 809 964 878 qui

161 877 279 929 eandem
298 877 410 928 assidue
427 877 555 928 incudem
574 878 709 948 tundunt,
730 880 869 930 excudant
886 878 964 930 labo·

160 949 232 1008 w).
266 943 308 994 nd
322 959 456 994 summum
472 943 590 1010 siugulis
604 945 733 997 noctibus
748 961 846 997 somno
866 947 964 1012 quinas
1006 945 1028 1012 Ἰ
1063 931 1064 938 ¹

160 1009 255 1072 horas,
269 1016 417 1076 quaternas
428 1010 589 1077 plerumque
600 1018 648 1062 aut
658 1015 742 1064 etiam
752 1017 846 1062 ternas
860 1013 964 1064 tribue·

105 1099 108 1106 ·
159 1077 218 1128 bat.
253 1077 361 1138 Restat,
372 1077 439 1127 utin
449 1084 591 1144 aspectum
602 1078 778 1146 proferantur
792 1079 965 1129 indrictote·

160 1141 333 1206 liaEthicen,
349 1142 496 1206 Politicen,
511 1141 681 1198 Rhetoricen
691 1154 720 1197 et
729 1145 856 1197 Platonis
868 1145 902 1196 de
912 1144 965 1196 Rs·

160 1211 274 1292 publica
293 1226 326 1262 ac
345 1210 380 1262 de
399 1208 523 1278 Legibus
542 1211 630 1272 libros
651 1219 761 1274 notata,
792 1225 918 1280 quaeque
936 1211 966 1263 iu
1063 1225 1064 1266 ξ

161 1279 231 1330 ruris
242 1279 334 1330 civilis
344 1278 538 1331 Institutiones
549 1281 796 1330 commentabatur.

195 1345 275 1400 Duae
283 1347 318 1398 de
327 1346 423 1399 multis
431 1347 462 1396 in
471 1346 522 1397 illo
533 1347 650 1398 virtutes
662 1347 797 1408 enituere,
807 1345 966 1414 benignitas
1063 1343 1064 1362 ³

161 1417 245 1480 atque
255 1413 366 1480 religio.
402 1412 537 1463 lllacnim
548 1421 643 1478 gratus
655 1418 684 1462 et
696 1419 827 1478 acceptus
842 1409 966 1471 summis,
1063 1435 1064 1472 2

161 1479 261 1530 mediis
272 1485 355 1546 atque
363 1479 466 1530 infimis
478 1480 604 1542 uixit**):
619 1479 696 1530 cuius
708 1479 791 1530 aedes
802 1485 898 1543 portus
909 1475 968 1542 qui·
1063 1479 1064 1486 ’

161 1545 238 1607 dam,
253 1545 395 1596 oraculum
409 1560 442 1595 ac
455 1545 613 1611 perfugium
631 1546 752 1595 omnium
766 1549 857 1594 erantz
877 1542 968 1612 exteri
1063 1565 1064 1620 p

161 1611 247 1662 etiarn
256 1613 290 1662 ab
298 1612 493 1663 extremisoris
502 1612 561 1662 eius
569 1607 867 1675 visendidiscendique
875 1609 968 1677 gratia
1063 1629 1064 1674 3

160 1677 276 1729 Romam
288 1676 473 1738 confluebant,
481 1679 527 1744 qui
539 1679 630 1742 stipsi
639 1675 849 1741 profitebantur,
860 1677 968 1729 maiora

160 1757 192 1795 sc
213 1745 354 1815 omniape
370 1745 444 1810 ipsa,
462 1759 543 1811 quam
564 1743 639 1794 faura
660 1741 839 1810 comperisse.
874 1743 966 1798 Doce·

160 1810 209 1862 bat
219 1827 290 1879 quae
300 1815 424 1878 poterat,
442 1810 539 1872 idest,
555 1824 625 1876 quac
637 1808 745 1861 discere
758 1809 847 1862 velles
863 1811 966 1864 omnia.
1063 1881 1064 1890 ἵ

159 1877 308 1948 Religione
326 1892 393 1931 vero
413 1892 446 1929 ao
464 1878 570 1944 pietate
588 1875 616 1926 in
635 1875 725 1930 Deum
745 1877 881 1945 singulari
898 1879 965 1933 luit:

202 1961 225 2014 ⁸)
240 1961 332 2006 aaroni
345 1960 389 2006 lrue
403 1961 522 2015 pertinent
534 1959 614 2002 verber
628 1958 730 2003 r'acnmt
741 1960 830 2006 inuste
843 1962 879 2006 rei
891 1963 966 2020 fideret
1063 1953 1064 1962 ¹

160 2014 249 2062 cadim
258 2017 341 2062 nostri.
371 2015 424 2059 llum
434 2016 493 2059 enim
500 2017 611 2073 pleraque
624 2015 669 2058 eius
680 2017 825 2069 contineant,
840 2019 964 2070 orationes,

154 2127 235 2186 fernae
246 2129 321 2172 nullas
329 2127 411 2172 lituras
420 2127 516 2179 liabent,
532 2126 575 2170 etei
584 2127 721 2172 traversariis
731 2129 822 2185 scripta
831 2137 854 2174 et
864 2130 966 2184 aupesa

160 2183 204 2229 isne
211 2184 267 2228 iiiuc
276 2190 299 2227 et
308 2183 333 2226 in
343 2185 454 2227 librorum
463 2183 576 2226 editorum
583 2183 664 2239 primis
672 2185 836 2242 purirpnginir
843 2187 964 2235 adnotata,

159 2246 187 2283 ut
196 2247 325 2296 appareat,
345 2246 400 2284 tunt
407 2238 508 2295 primurn
518 2241 544 2282 de
552 2239 581 2282 iis
594 2241 715 2284 teribmdir
729 2243 850 2296 cog-iturae.
882 2241 966 2283 Verum

192 2297 301 2339 timorum
314 2301 436 2340 anctorum
450 2295 557 2350 diligenti
570 2293 665 2338 lectione
683 2303 706 2340 et
720 2297 860 2341 mactatione
873 2295 965 2340 medua

174 2358 238 2396 otum
251 2351 368 2406 ingenitum
381 2358 445 2405 ernt,
464 2358 490 2396 ut
503 2365 550 2394 reon
558 2353 717 2407 pervestigare
732 2359 786 2396 utne
798 2366 849 2396 cum
857 2350 967 2394 smibmt

160 2414 228 2475 atque
237 2411 294 2452 mede
303 2412 361 2452 unde
371 2412 535 2452 comederem
545 2422 575 2450 nc
584 2408 706 2452 sententiar
718 2409 813 2452 dederet.
840 2406 894 2450 Non
907 2417 963 2462 ergo
1001 2417 1003 2420 ·

158 2467 294 2514 inmundum,
307 2471 356 2508 tam
365 2467 438 2508 mreltn
448 2471 490 2508 ant
500 2471 549 2508 tnm
558 2464 626 2506 uaria
635 2465 730 2507 scribere
737 2463 847 2520 potuisse.

196 2525 226 2575 ⁸⁶)
238 2521 293 2563 Fuit
302 2524 378 2564 tumen
388 2523 486 2575 ingenus
495 2519 572 2564 indole
582 2518 741 2573 liberrimoque
752 2521 833 2566 estimo,
843 2517 903 2572 quod
912 2517 965 2572 ipre

157 2575 183 2619 iu
198 2577 294 2632 quadam
308 2578 337 2622 sd
351 2577 484 2622 Lumbiuum
499 2574 598 2632 epistola
608 2576 681 2618 sursit
693 2575 770 2618 verbis
783 2573 904 2629 almificat
919 2584 962 2630 ego

157 2645 186 2678 ne
197 2633 413 2694 compauperum
422 2647 504 2682 aneae
515 2632 612 2680 tulerim·

80 2104 84 2110 .
156 2073 329 2130 praelectiones,
339 2073 366 2116 in
375 2069 621 2130 Latinosiiraecosque
631 2078 734 2116 auctores
745 2075 926 2125 commentarios,
937 2087 966 2116 ea
1063 2119 1064 2126 ἵ
