2154 3002
398 155 553 208 orario
571 157 593 209 1.
703 119 709 124 ⁵
876 163 892 212 o

96 275 148 317 nos
164 253 281 326 cumque
295 263 351 310 tem
372 264 447 308 estas
461 263 612 324 exceptura
622 264 678 322 est,
692 259 755 310 vela
765 261 891 311 nimirum

95 326 226 378 facienda
238 331 311 377 sunt.
360 324 418 375 llud
428 323 525 387 modo,
539 331 686 393 antequam
699 325 816 378 ulterius
830 341 893 393 pro·

94 393 194 458 vehar,
213 407 230 442 a
248 392 327 442 vohis
352 405 525 456 summopere
547 391 700 455 contendo,
719 400 764 456 ut,
802 392 893 444 uandn

98 475 179 512 omne
190 457 257 510 mihi
272 457 428 525 perfugium
437 458 466 508 in
481 464 575 508 vestra
588 458 714 510 bonitate
730 475 762 512 ac
806 474 895 511 emen·

97 529 138 578 tia
148 528 231 576 itum
247 530 302 587 est,
321 526 485 575 tenuitatem
496 537 586 575 meam
596 532 691 576 restro
706 523 802 578 favore
819 532 848 578 et
860 528 894 578 si·
939 565 941 569 .
1034 555 1037 564 a

99 593 188 644 lentio
198 590 362 652 sublevetis,
376 605 431 656 quo
442 605 504 640 mea
514 595 606 642 oratio
617 591 659 643 his
669 592 756 644 veluti
766 594 896 645 secundis

98 659 232 712 subrecta
244 659 343 721 ventis,
351 671 432 726 quem
442 658 494 708 sibi
505 660 774 727 proposuitportunn
784 659 896 712 facilius

97 731 294 792 consequatur.
426 739 430 744 ·

130 793 220 858 litque
246 797 278 842 ut
300 789 363 842 hinc
385 789 575 860 erardiamur,
604 793 627 842 si
649 791 720 845 nihil
742 793 897 848 diceremus

98 859 190 922 aliud,
206 857 261 908 nisi
272 871 345 919 eam,
363 871 434 924 quae
455 859 649 924 antiquissimo
666 861 804 913 vocabulo
817 860 897 914 theu·

3 935 4 982 i
97 925 178 992 logia
189 923 303 986 dicitur,
317 925 461 975 scientiam
471 940 533 976 esse
545 926 694 993 quandam,
706 941 776 994 quae
788 927 896 980 dis-inae

3 1035 4 1050 ,
38 1049 41 1056 Δ
98 992 255 1058 sapientiae
273 989 421 1042 thesauros
441 989 598 1044 hominibus
612 992 785 1058 recluderet,
805 1001 897 1046 tannen

3 1079 4 1084 ¹
45 1075 50 1088 ·
97 1058 184 1120 illud,
203 1064 235 1108 ut
248 1059 361 1124 opinor,
374 1056 481 1124 liquido
499 1066 654 1121 constaret,
668 1067 770 1128 quanto
785 1069 899 1113 aeterna

97 1125 215 1187 nativis,
225 1123 393 1175 immortalia
403 1124 528 1187 caducis,
539 1125 632 1177 divina
641 1125 766 1179 humanis
777 1129 898 1179 antecel-

3 1181 5 1216 ἶ
96 1193 176 1254 lunt,
196 1196 275 1242 tanto
295 1203 357 1242 esse
377 1189 448 1246 hauc
466 1191 626 1244 facultatem
650 1191 751 1244 ceteris
772 1195 899 1246 omnibus

97 1255 331 1323 anteponendam.
368 1257 423 1310 Sed
445 1258 675 1324 quemadmodum
697 1261 745 1326 qui
763 1260 900 1328 praeclari

98 1323 221 1376 alicuius
233 1323 353 1375 aedilicii
364 1325 577 1392 pulcritudinem
587 1325 732 1392 pervidere
746 1342 778 1379 ac
790 1328 900 1395 penitus

2 1398 4 1409 ·
99 1403 276 1457 cognoscere
287 1391 414 1460 cupiunt,
424 1407 480 1443 non
490 1394 558 1444 satis
571 1393 625 1443 sibi
636 1407 699 1446 esse
715 1393 818 1446 ducunt
831 1395 901 1446 illud

98 1462 256 1510 unototum
266 1457 400 1524 adspectu
410 1459 604 1526 contemplari,
618 1460 668 1512 sed
678 1461 802 1528 singulas
818 1464 901 1514 etium

3 1561 5 1592 p
99 1523 158 1576 sibi
175 1530 270 1589 partes
286 1531 414 1576 accurate
428 1527 636 1592 perlustrandas
650 1527 683 1580 ac
698 1541 824 1580 scorsum
837 1543 901 1580 con·

99 1589 266 1642 siderandas
284 1598 393 1657 putant:
411 1593 451 1644 ita
469 1607 536 1656 nos,
559 1595 583 1646 si
597 1594 678 1646 huius
697 1597 901 1663 praestantissi-

98 1669 163 1708 mae
172 1654 314 1709 facultatis
324 1666 418 1726 partes
427 1660 569 1728 paulisper
580 1669 711 1714 excutere
721 1663 900 1726 voluerimus,

97 1730 159 1775 tum
177 1721 299 1786 demum,
321 1732 424 1792 quanta
442 1727 517 1778 illius
541 1729 699 1796 pulcritudo
724 1731 774 1795 sit,
799 1729 928 1804 intelli·-

98 1805 230 1858 gemma
316 1835 320 1842 ,
842 1823 848 1830 .

131 1855 900 1926 Theologiaigitur,ririeruditissimi,utamaioribus
947 1891 949 1896 ·

4 1931 11 1992 ’γ
97 1923 205 1974 nostris
220 1925 390 1991 accepimus,
404 1926 509 1977 duabus
524 1931 680 1996 praecipuis
698 1931 821 1998 partibus
835 1947 899 1983 con-

96 1990 217 2051 tinetur,
236 2005 352 2056 quarum
371 1995 472 2044 anain
490 1994 554 2060 lege
575 1998 668 2062 posita
687 2004 743 2061 est,
764 1999 854 2051 altera
871 2001 900 2050 in

98 2055 260 2124 euangelio.
296 2058 347 2108 Est
361 2073 428 2110 vero
445 2060 547 2123 calex,
563 2063 597 2114 de
613 2065 828 2132 qualequimur,
844 2081 901 2118 non

99 2121 135 2174 ab
156 2121 277 2174 humano
295 2122 423 2190 profecta
436 2129 556 2179 consilio
569 2145 658 2197 neque
677 2133 776 2184 similis
797 2147 900 2194 earum,

4 2221 5 2260 ᾗ
101 2203 173 2256 quae
188 2188 330 2241 hominum
344 2190 460 2245 libidine
474 2200 643 2258 statuuntur,
659 2197 688 2248 in
722 2199 802 2252 uibus
815 2199 902 2251 multa

99 2257 196 2324 inepte
213 2271 246 2307 ac
257 2257 387 2320 ridicule,
403 2261 537 2312 nonnulla
550 2266 634 2315 etiam
648 2266 732 2332 impie
746 2282 779 2318 ac
793 2266 901 2319 nefarie

101 2323 211 2375 sancita
222 2325 361 2388 reperiam
381 2326 431 2378 sed
444 2330 560 2395 primum
583 2329 692 2397 quidem
706 2332 740 2384 ab
754 2333 804 2384 illo
820 2331 901 2384 huius

101 2389 294 2441 universitatis
308 2399 423 2458 parente
440 2409 472 2444 ac
487 2396 587 2460 opifice
600 2398 662 2448 Deo
675 2399 704 2450 in
718 2399 839 2450 omnium
852 2397 900 2450 lno-

100 2455 205 2506 minum
218 2456 355 2522 impressa
368 2465 397 2510 at
416 2475 451 2510 ue
464 2462 599 2530 insignita
613 2465 724 2526 animis,
738 2469 803 2530 post
818 2468 900 2517 etiam

101 2521 228 2573 ciusdem
238 2522 292 2574 Dei
308 2522 397 2594 digito
408 2541 436 2577 rn
451 2527 553 2580 tabulis
566 2530 706 2596 insculpta
720 2529 851 2594 lapideis,
867 2545 901 2580 ne

101 2586 314 2654 improbis·ulla
325 2591 548 2658 praetendendae
559 2595 729 2647 facinoribus
749 2596 807 2644 suis
822 2596 900 2664 igno·

100 2656 209 2707 raetiae
220 2660 333 2710 occasio
346 2659 559 2726 relinqueretur.
596 2663 717 2726 cunique
732 2673 792 2710 eam
807 2662 836 2713 in
847 2663 901 2713 dun
