2156 3008
181 167 230 220 ua
460 162 612 232 orrarro
636 160 693 216 xr„

180 269 240 336 prie
249 263 464 332 pertinentibus,
480 279 550 332 quae
561 265 589 315 in
599 261 737 316 communi
748 263 869 314 omnium
879 261 982 330 gaudie

181 333 312 401 gaudium
339 332 428 412 ipsius
456 331 546 384 mains
571 337 607 385 et
621 331 759 397 insignius
781 329 910 380 reddunt.
933 325 984 382 'dc

180 402 298 470 primurn
331 397 424 449 uidem
442 398 630 464 gr·atissimunr
644 397 669 448 ei
684 402 767 465 atque
778 396 984 462 optatissimum

182 466 298 528 accidit,
308 467 317 517 i
330 464 351 516 li
361 465 537 532 potissimum
547 479 679 544 summopi
692 477 783 514 rerum
794 463 984 518 concreditam

182 548 258 595 esse,
270 533 315 599 qui
326 545 376 599 per
386 544 467 583 omne
479 535 623 584 anteactae
634 535 708 582 vrtee
724 531 842 596 spatium
857 529 943 580 talem
952 543 984 582 se

181 601 383 670 praestitisset,
405 605 437 650 ut
454 604 586 666 tanquam
606 595 761 666 perdoctum
779 603 808 650 et
826 596 985 650 absolutum

181 667 313 746 autiquae
328 666 404 717 illius
413 665 590 718 innocentiae
605 669 634 716 et
644 664 815 731 integritatis
828 663 985 729 exemplum

142 763 144 769 ,
183 747 305 786 omnium
318 732 527 798 praedicatione
542 732 791 785 commendaretur.
826 731 895 792 Quis
911 731 985 782 eninr
1066 745 1069 768 ³

182 811 232 868 per
249 799 344 861 illurn,
362 799 439 850 cuius
449 804 481 848 tu
492 799 585 858 locum
600 799 629 848 in
642 799 728 849 terris
748 797 871 864 obtines,
891 810 985 850 rerum

9 899 11 906 ,
88 917 93 926 ,
183 865 304 918 omnium
330 871 539 946 praepotentem
563 860 665 930 Deum,
692 864 796 917 multos
820 865 875 916 iarn
896 878 985 917 annos

183 932 219 984 ad
227 934 310 1000 istam
324 933 525 984 sanctissimam
542 932 637 984 sedem
649 938 798 1000 provectus
809 937 866 994 est,
882 937 911 982 tc
928 943 984 984 uno

182 999 219 1052 iis
230 999 356 1051 omnibus
366 999 527 1062 virtutibus,
545 1014 613 1066 quas
623 999 727 1051 bonum
737 1005 767 1052 et
776 1000 852 1051 omni
861 1013 896 1050 ex
905 1005 984 1064 parte

183 1066 341 1120 absolutum
359 1067 512 1134 principem
531 1065 750 1130 habere-dccet,
772 1063 912 1118 ornatiori
929 1063 986 1126 our

183 1148 247 1186 cum
259 1132 447 1200 intelligeres,
467 1134 586 1185 animum
600 1131 747 1187 humanum
760 1134 866 1186 duabus
879 1129 984 1200 pracci-

183 1213 237 1270 pue
249 1200 332 1272 rebus
341 1201 438 1268 pertici
448 1207 477 1252 et
486 1201 522 1252 ad
531 1198 615 1266 illud,
626 1215 661 1254 ex
672 1216 726 1271 quo
738 1201 836 1254 ductus
847 1207 902 1262 est,
915 1197 985 1250 diri·

184 1267 279 1320 nitatis
295 1268 436 1334 exenrplar
448 1270 574 1335 proxime
588 1271 737 1333 accedere,
754 1269 916 1337 cognitione
929 1265 986 1332 pri·

183 1347 258 1387 mum
268 1341 296 1386 ct
306 1336 396 1387 intelli
418 1337 494 1389 entia
505 1351 598 1388 earum
608 1351 709 1398 rerum,
720 1349 790 1401 quae
800 1335 901 1400 dignae
911 1337 987 1396 sunt,

183 1399 212 1454 in
232 1403 331 1470 quibus
350 1349 471 1454 stuiium
489 1402 656 1465 collocetur3
684 1401 784 1453 deinde
801 1398 987 1465 procurandis

183 1465 325 1522 iionrinunr
344 1469 497 1528 commodis
515 1469 605 1536 iisque
621 1467 776 1518 actionibus
790 1461 986 1578 suscipiendis,

185 1537 330 1606 exquibus
342 1551 422 1605 quam
433 1536 567 1586 maximus
581 1531 687 1582 tructus
701 1529 736 1581 ad
752 1543 833 1608 poam
848 1543 865 1595 p
879 1526 986 1582 urirnoe

184 1603 354 1670 perveniretr
372 1603 426 1652 ianr
436 1601 500 1651 inde
509 1613 526 1648 a
537 1597 672 1664 principio
686 1597 824 1646 iteratam
838 1595 988 1649 instituisti

184 1676 273 1733 tuam,
285 1676 316 1721 ut
326 1674 459 1734 perpetuo
470 1663 505 1714 ad
515 1677 579 1722 eos,
590 1661 741 1729 quosdixi‚
752 1662 821 1713 fines
837 1663 930 1714 omnia
942 1677 988 1715 re·

183 1735 297 1797 tulisse,
308 1747 396 1799 neque
408 1743 525 1797 unquam
535 1727 621 1778 ullum
630 1730 764 1795 temporis
771 1736 902 1795 punctum
911 1744 987 1783 mea·

183 1804 222 1854 tis
241 1803 329 1854 aciem
348 1798 382 1848 ab
397 1797 439 1847 cis
454 1793 603 1846 deflexisse
616 1795 747 1848 ridearis.
779 1797 877 1866 ltaque
896 1803 989 1850 totum

183 1868 254 1924 iilud
270 1864 476 1917 adolescentiae
493 1867 615 1928 tempus,
634 1865 680 1916 cui
694 1870 722 1916 et
742 1865 880 1926 communi
898 1861 988 1916 horni-

184 1947 249 1988 num
263 1929 463 1984 consuetudine
481 1935 510 1980 et
542 1929 641 1982 uadam
659 1945 746 2001 prope
764 1932 852 2000 ipsius
871 1937 987 1983 naturae

183 1999 271 2070 tacita
279 1997 343 2064 lege
354 1997 443 2049 maior
453 2011 523 2066 quae
561 2013 588 2048 m
600 1997 716 2052 licentia
726 2000 811 2052 tribui
822 2009 854 2052 ao
864 1998 989 2067 permitti

184 2063 274 2123 solet,
294 2069 351 2114 ate
365 2079 421 2116 noa
439 2063 466 2116 in
480 2065 692 2119 remissionibus
711 2067 795 2120 animi
805 2082 894 2136 nequa
904 2067 932 2116 in
945 2065 988 2115 eis
1004 2057 1011 2075 ³

183 2129 387 2196 voluptatibus,
398 2132 497 2201 quihus
507 2139 585 2186 aetas
596 2134 646 2186 illa
654 2131 816 2202 plerumque
830 2134 911 2184 etiarn
925 2131 989 2183 sine

114 2221 121 2228 ·
183 2195 401 2265 reprehensione
412 2202 532 2268 capitur,
542 2202 677 2270 positum,
689 2201 777 2254 sedin
787 2200 899 2252 assidua
907 2211 989 2264 prae·

183 2265 316 2318 stantium
327 2266 455 2320 doctrina
463 2269 584 2320 virorum
595 2269 796 2321 cousuetudine
806 2265 989 2333 diligentissi-

183 2346 283 2400 meque
293 2349 355 2385 cum
365 2337 487 2387 omnium
502 2334 680 2387 honestarum
694 2337 807 2398 artium,
819 2340 877 2384 tum
892 2345 990 2384 earum

183 2401 346 2472 praecipue,
365 2417 435 2469 quae
453 2401 619 2468 populorum
637 2403 794 2454 rectoribus
813 2399 990 2456 necessariae

184 2474 261 2531 sunt,
274 2470 510 2536 pervestigatione
521 2465 712 2535 consumptum
723 2475 773 2520 est
808 2466 905 2534 Neque
920 2479 990 2520 sero

182 2541 212 2587 tc
227 2535 261 2587 ab
276 2551 324 2601 so,
345 2535 420 2604 quod
434 2535 486 2588 tibi
499 2550 700 2604 proposueras,
719 2533 858 2587 curriculo
879 2540 927 2585 aut
941 2533 990 2585 de·

183 2607 291 2656 terrere
318 2609 418 2674 postea
443 2601 549 2657 laboris
571 2603 707 2670 asperitas
729 2608 778 2653 aut
800 2615 918 2656 avocare
940 2613 991 2652 ro·

184 2668 320 2738 {optatum
349 2669 539 2724 biandimenta
563 2675 722 2740 potueruut.
758 2668 813 2732 on
843 2665 930 2726 semel
953 2667 991 2724 ad
1054 2700 1066 2760 3
