2156 3008
379 127 618 200 orla‘rlptxll.
646 125 649 134 ⁴
775 167 777 174 ¹
857 137 907 204 1³⁵

107 234 240 288 fortassis
255 240 385 300 suspecta
398 234 644 303 asse·posait,.sed
659 235 756 300 optimi
775 237 908 304 cuiusque
948 271 965 300 a

108 303 224 354 illorum
242 306 464 366 temporaneam
482 303 565 353 etiam
581 301 744 358 inferiorum
764 303 907 368 scriptoris

108 368 295 421 monumentis
304 367 415 432 prodita
425 374 454 418 at
468 372 571 418 testata
583 374 655 418 suat.
691 367 743 419 llis
760 369 907 420 virtutibus

110 434 242 496 domus*)
264 433 390 484 Estensis
410 434 445 484 ad
464 439 569 484 tantam
587 433 705 499 gloriam
727 435 908 500 iampridem

129 501 250 562 ervenit,
268 504 300 550 ut
316 501 414 551 summi
433 497 597 561 Pontifices,
615 506 646 550 ut
663 499 859 565 Imperatores,
877 507 910 552 ut

139 567 285 634 ungariae,
317 572 349 616 ut
367 565 474 616 Galliae
496 580 578 631 reges
600 566 702 632 aliique
724 567 910 632 potentissimi
958 563 961 573 '

109 634 250 750 ἲιὲιιοίρεε
262 631 384 698 pulcram
401 631 499 683 sibiae
516 631 646 684 decoram
657 632 734 685 illius
748 635 910 686 affinitatem

123 716 141 752 u
160 698 268 750 icarint.
762 727 767 734 -

144 765 206 820 liae
220 777 335 814 caussae
346 768 422 828 sunt,
434 762 594 814 beatissime
606 762 702 826 Pater,
720 780 768 817 cur
777 765 907 818 alfonsus

92 831 154 893 -11.‚
176 832 223 897 qui
241 844 330 895 neque
347 831 450 896 pietate
464 830 493 880 in
505 829 607 890 Deum,
626 845 715 896 neque
732 832 908 884 observantia

110 912 179 964 erga
188 897 281 950 sedeur
291 896 487 961 apostolicam,
501 909 590 960 neque
605 895 663 946 ulla
675 897 793 964 denique
808 899 907 950 virtute

109 965 237 1030 cuiquam
256 963 471 1022 exinaioribus·
484 962 541 1012 suis
565 957 664 1026 cedere
689 963 850 1026 meditatur,
878 972 907 1016 te

110 1030 248 1082 Pontifice
268 1028 424 1090 declarato,
442 1025 607 1080 incredibile
626 1027 764 1092 quoddam
778 1043 813 1080 ex
830 1043 864 1080 ea
875 1045 906 1084 re

109 1097 241 1164 gaudium
259 1095 373 1161 ceperit.
407 1091 503 1161 Neque
518 1092 666 1160 quidquam
680 1093 811 1146 libentius
825 1093 906 1147 iecis-

109 1167 165 1223 net,
186 1177 267 1228 quam
279 1171 311 1212 ut
322 1161 357 1212 ad
376 1166 403 1211 te
422 1161 511 1226 primo
527 1173 635 1225 quoquc
649 1166 774 1225 tempore
789 1161 906 1224 reniret,

108 1235 139 1280 et
156 1227 337 1290 sanctissimis
356 1226 546 1293 pedibustuis
560 1224 718 1288 advolutus,
732 1233 906 1294 ,quantopere

108 1294 161 1346 tibi
180 1299 208 1345 et
225 1291 290 1344 huic
307 1299 420 1346 sanetae
439 1293 500 1344 sedi
519 1291 635 1342 devotus
660 1290 844 1359 addictusque
860 1293 897 1344 sit

107 1359 199 1412 modis
220 1360 345 1411 omuibus
364 1360 519 1410 declararet
542 1357 777 1424 aepateiaeeret,
802 1359 856 1408 uisi
876 1329 906 1410 id

99 1433 261 1492 termarum
281 1428 353 1478 ratio
367 1425 564 1492 prohibuisset.
601 1423 656 1478 Sed
670 1439 730 1475 cunr
746 1427 788 1476 ita
800 1425 905 1478 evenis-

108 1498 165 1556 set,
185 1499 216 1542 ut
230 1491 388 1542 felicissimi
402 1491 585 1542 Pontificatus
600 1493 640 1542 tui
655 1491 820 1558 principium
832 1492 861 1542 in
876 1489 906 1544 id

108 1566 215 1625 tempus
226 1557 382 1618 incidisset,
398 1572 452 1624 quo
463 1559 523 1624 ipse
534 1572 648 1610 uxorem
659 1557 769 1612 domum
780 1559 904 1629 duxerat,

108 1625 244 1678 iudicavit
261 1629 290 1674 te
304 1639 354 1689 pro
368 1630 417 1675 tua
434 1624 569 1691 singulari
583 1625 731 1678 clementia
744 1641 798 1679 non
809 1625 904 1692 iniquo

87 1699 90 1706 '
107 1693 200 1744 animo
211 1689 382 1753 laturum,·si
396 1690 472 1758 prius
486 1698 587 1758 coepta
600 1695 754 1760 nuptiarum
771 1693 906 1744 solemnia

85 1778 90 1784 ’
108 1758 276 1819 celebraret,
286 1772 318 1808 ac
329 1773 390 1808 cum
401 1771 486 1820 uxore
498 1774 581 1808 unum
594 1766 642 1810 aut
651 1760 768 1810 alterum
781 1757 904 1812 meuserit

107 1829 333 1885 commoraretur,
345 1821 444 1873 deinde
454 1824 490 1874 ad
500 1824 622 1876 debitum
634 1826 754 1890 officium
765 1825 817 1876 tibi
828 1839 903 1892 prae·

107 1890 235 1944 standum
250 1891 367 1948 reniret
401 1887 480 1948 Nunc
499 1896 591 1940 autem
606 1891 682 1945 aliud
695 1892 803 1944 interea
815 1891 903 1944 multo

108 1957 218 2024 gravius
251 1955 389 2016 obiectum
413 1961 456 2005 est
481 1955 714 2020 impedimentum.
748 1955 825 2010 Nam*
844 1971 904 2009 cam

107 2022 339 2078 sceleratissimus
349 2022 398 2073 ille
412 2021 557 2088 religionis
567 2029 684 2076 nostrae
698 2023 787 2076 bostis
802 2027 903 2074 'lurca-

105 2104 168 2142 rum
187 2095 321 2156 tyrannus
345 2089 572 2141 numerosissimo
597 2089 722 2150 exercitu
743 2090 917 2166 Hungariaqf

91 2155 260 2225 (inimineaa
279 2156 516 2221 generosissimus.
526 2153 669 2220 princeps,
688 2156 735 2220 qui
748 2155 904 2208 admirabib

105 2221 200 2276 studio
219 2221 316 2272 ardeat
330 2221 477 2274 incedendi
496 2220 606 2271 assidue
622 2233 671 2285 per
687 2224 806 2288 vestigia
819 2223 904 2272 maio·

104 2303 166 2340 nrm
184 2302 309 2349 auorum,
328 2287 518 2340 maximiliano
532 2286 707 2350 Imperatori,
726 2289 822 2340 uxoris
836 2300 903 2348 suae

104 2354 198 2417 fratri,
217 2361 315 2420 sponte
335 2368 365 2404 se
382 2356 411 2404 in
428 2354 497 2405 belli
513 2368 546 2404 ac
560 2352 726 2408 discriminis
740 2348 903 2418 sociotatem

105 2419 220 2483 obtulit,
241 2420 321 2536 eiqiue
338 2420 479 2487 pollicitus
493 2426 548 2481 est,
562 2420 736 2484 simulatque
751 2413 902 2474 accersitus

105 2493 194 2548 esset,
208 2502 239 2537 se
255 2501 271 2536 a
304 2499 364 2536 eum
376 2486 451 2536 nulla
466 2486 613 2538 interiecta
625 2501 703 2536 mora
717 2500 777 2535 cum
793 2474 902 2550 quantis

132 2583 153 2638 ¹)
170 2583 250 2652 Similq
261 2583 398 2650 limatorum
413 2592 470 2630 alsia
480 2585 508 2629 de
519 2588 586 2638 geute
595 2582 632 2628 rel
641 2583 737 2632 familia.
748 2584 785 2630 Gi.
793 2580 855 2626 l’lin
866 2593 903 2638 ap·

102 2639 123 2684 L
135 2644 169 2685 14.
179 2643 201 2685 d.
217 2637 304 2694 ,Virqrb
313 2640 371 2684 Aen.
381 2637 439 2686 xla
449 2641 484 2684 69.
