2146 3008
287 133 292 140 .
390 89 543 145 onemo
559 64 673 150 xxii.
879 97 930 152 sos

164 189 222 246 Sed
237 187 367 264 queniam
381 188 412 243 et'
421 192 509 244 multa
527 191 596 246 mihi
608 207 641 244 sc
654 193 799 260 praeclara
812 194 931 250 dicenda

103 265 105 276 ⁴
130 268 159 313 et
173 261 205 312 in
215 261 296 311 unius
310 257 467 311 semihorae
484 260 650 312 curriculum
662 261 754 311 omnia
763 261 931 320 concludem

130 330 167 381 da
177 327 287 391 tuost),
305 326 341 377 ad
359 341 404 376 res
418 327 493 392 ipsas
504 329 627 390 veniam,
643 341 732 394 neque
749 329 933 390 committam,

129 402 161 450 ut
170 409 206 446 ex
215 401 271 446 tam
285 393 365 445 brevi
377 397 502 461 tempore
511 410 575 462 pers
586 409 655 446 ame
663 394 722 446 ulla
734 394 764 444 in
778 394 861 446 rebus
874 409 932 448 non

129 461 297 513 necessariis
328 468 492 528 consumpta
520 462 655 522 videatur,
691 461 815 512 Primum
835 462 931 528 igitur,

130 529 155 580 si
171 527 282 594 generis
301 527 433 580 nobilitas
449 528 597 596 quidquam
612 528 648 583 ed
662 529 932 582 commendationem

130 595 262 662 pertinet,
281 609 347 648 vere
362 592 416 646 hoe
430 597 565 650 omnm
579 611 738 662 possumus,
759 611 814 647 non
829 595 931 648 multas
949 637 950 642 ,

130 665 228 729 gentes
238 662 267 711 in
277 663 407 726 universo
420 669 555 714 terrarum
567 664 634 715 orbe
645 664 775 732 reperiri,
788 677 858 730 quae
869 677 932 720 eum¹

130 734 215 796 gente
236 727 326 780 Foxia
349 729 395 780 vel
418 730 582 794 antiquitate
606 730 650 782 vel
673 745 766 782 rerum
790 737 932 799 gestarum

131 795 223 864 gloria
245 795 401 862 comparari
422 801 533 860 queant.
569 795 647 854 Quae
669 799 811 863 cumipse
830 811 880 864 per·
899 811 931 848 se

130 860 307 914 nobilissimo
317 866 371 920 est,
386 865 443 910 tum
458 859 511 910 hoc
525 861 661 924 nobilior,
672 862 747 929 quod
762 879 822 915 curn
836 870 933 931 poten·

130 928 247 980 tissimis
269 927 383 992 regibus
397 932 426 976 et
439 926 653 990 imperatoribus
672 930 819 996 multiplici
834 946 864 981 se
877 930 934 982 iam
989 960 994 972 κ
1032 955 1036 962 x

104 1031 108 1035 -
130 994 239 1062 pridem
258 995 390 1044 affinitate
411 991 542 1044 devinxit.
577 992 701 1045 Namxut
719 997 875 1046 vetustiora
892 1000 933 1048 ta·

133 1074 223 1120 ceant,
237 1071 327 1123 neque
337 1058 532 1124 illsrepetam,
548 1073 619 1124 quae
634 1061 800 1127 quingentos
815 1061 875 1112 lere
887 1062 933 1112 ab·
961 1071 963 1076 ·

131 1123 197 1176 hinc
219 1138 307 1179 annos
325 1139 343 1176 a
361 1125 515 1176 comitibus
534 1125 631 1176 Foxiis
650 1134 731 1192 gesta
751 1131 779 1178 et
798 1129 933 1178 nobilium

131 1192 298 1256 scriptorum
322 1191 487 1258 consignata
509 1193 696 1244 monumentis
718 1193 796 1244 nulls
813 1209 933 1260 unquam

133 1256 305 1310 oblitterabit
323 1263 413 1322 aetas3
432 1256 475 1310 his
491 1264 567 1309 certe
582 1265 691 1310 centum
703 1261 837 1325 proximis
854 1260 933 1312 anuis

131 1332 190 1376 tres
210 1338 246 1376 ex
267 1330 351 1390 gente
369 1325 460 1376 Foxia
482 1325 593 1376 nobiles
612 1340 645 1376 ee
668 1332 798 1392 potentes
817 1341 848 1376 re
869 1327 932 1378 inae

132 1392 307 1443 exstiterunt.
342 1391 443 1442 Earum
458 1394 547 1458 prima
562 1398 605 1442 est
617 1394 706 1454 hune,
726 1392 837 1444 loannis
850 1341 933 1444 i'oxii

133 1458 271 1510 Candalse
283 1457 400 1510 Comitis
414 1459 486 1520 filie,
507 1473 577 1524 quae
588 1458 721 1512 Ladislao
735 1457 887 1510 Bohemiae
902 1465 933 1508 et

130 1525 269 1592 Ungariao
283 1527 357 1594 regi,
371 1527 401 1578 in
414 1525 618 1580 matrimonium
633 1527 783 1588 collocata,
799 1526 883 1576 lilium
898 1539 934 1576 ex

113 1607 164 1645 ·co
176 1592 230 1644 sibi
241 1595 434 1660 cognominem
445 1595 570 1657 sustulit,
580 1609 695 1647 uxorem
706 1600 805 1661 postea
813 1593 933 1710 imfera·

129 1661 200 1712 toris
215 1660 400 1724 Ferdinandi,
418 1666 535 1714 matrem
548 1661 727 1728 imperatoris
736 1661 852 1712 Maximi
865 1657 932 1720 iani,

130 1727 220 1780 aviam
239 1729 313 1789 eius,
334 1729 382 1794 qui
400 1745 472 1780 nunc
490 1730 614 1780 feliciter
632 1731 762 1796 imperat,
782 1724 932 1793 Rodolphi.

130 1793 259 1846 Secundo
271 1794 334 1844 loco
346 1795 494 1846 nominabo
506 1795 690 1858 Catharinam,
700 1797 832 1848 Gestonis
843 1791 932 1860 quinti

129 1858 230 1917 filiam,
245 1860 371 1924 reginam
381 1858 536 1922 Navarrae,
552 1877 621 1927 quae
633 1863 662 1912 id
673 1877 800 1928 regnum,
815 1863 843 1912 in
857 1858 932 1926 quod

129 1923 281 1976 Francisco
296 1922 411 1973 Phoebo
426 1924 507 1975 fratri
520 1942 571 1977 suo
586 1928 774 1989 successerat,
792 1928 885 1978 dotale
896 1923 931 1976 od

130 1990 262 2042 loannem
276 1988 428 2040 Albrotium
443 1989 554 2042 detulit:
573 2008 628 2058 quo
643 2007 679 2044 ex
692 1993 869 2045 matrimonio
885 2007 932 2042 na·
968 1986 971 1997 '

76 2057 80 2064 “
129 2063 175 2108 tus
186 2055 378 2106 estllenricus
393 2070 456 2117 rex,
472 2072 538 2106 urus
552 2058 682 2119 llenrici,
699 2074 716 2108 a
726 2074 780 2125 quo
792 2057 931 2124 hodieque

129 2123 206 2178 idem
227 2136 343 2188 regnum
366 2120 536 2172 hereditario
558 2123 619 2174 iure
643 2124 791 2175 obtinetur.
828 2125 933 2176 Sedet

130 2191 214 2254 illius¹
226 2188 324 2242 invicti
338 2187 484 2247 Gastonis,
505 2187 583 2241 ducis
596 2187 787 2254 Nemorensis,
805 2191 852 2257 qui
867 2191 931 2242 dum

129 2258 213 2321 uixit,
228 2261 320 2307 terror
328 2252 449 2306 hostium
461 2253 561 2306 Gallici
575 2256 694 2308 nominis
705 2257 769 2318 fuit,
784 2259 831 2323 qui
841 2256 931 2307 fulmi-

130 2325 212 2378 nisio
222 2338 328 2375 morem
341 2321 459 2374 hostiles
472 2329 576 2374 turmas
591 2323 734 2386 disiieere,
750 2325 797 2390 qui
812 2338 931 2390 quoeun-

130 2407 184 2462 que
193 2390 354 2456 incedebat,
367 2391 513 2442 victoriam
522 2389 551 2440 in
561 2390 686 2442 manibus
696 2397 808 2459 gestare
817 2389 930 2442 rideba-

158 2491 179 2544 ·)
196 2491 244 2534 cn.
253 2504 296 2545 pm
307 2491 385 2533 men.
395 2480 507 2545 pnsum.
519 2494 539 2537 2.
549 2491 569 2546 e.
579 2494 599 2535 s.
609 2491 714 2545 qnoniam
725 2489 929 2543 diligentissume

130 2547 243 2658 {grammis
250 2547 362 2600 coquetiis
370 2547 490 2602 obstitisti,
501 2561 580 2604 meque
589 2571 617 2582 -
627 2547 652 2592 in
659 2547 785 2594 amatura·
795 2547 931 2592 maiatum
