2156 3008
385 189 539 277 calmo
559 221 637 276 xiv.
862 227 910 278 us

111 325 205 394 gladio
221 325 361 392 pariturus
381 330 464 376 esset
498 321 583 376 Nullo
598 323 669 374 enim
684 323 739 375 alio
752 327 836 378 modo
847 325 909 377 illu-

110 394 194 444 strati
211 405 294 458 posse
309 391 467 454 Poloniam‚
483 407 562 458 quum
576 391 652 441 hello
666 397 695 440 et
708 393 790 442 armis
806 395 910 458 cogita·

110 460 186 510 baut.
221 457 278 508 lam
297 457 459 508 adoleverat
473 456 648 518 Miccislaus3
670 457 725 508 iam
749 459 783 508 ad
802 459 910 509 virilem

111 531 233 577 aetatem
244 530 421 589 pervenerat3
440 525 495 574 iam
509 531 618 574 mortuo
629 529 708 591 patre
720 537 811 574 rerum
821 525 910 591 potie-

60 639 68 645 ,
110 593 204 652 batur3
223 597 252 641 et
262 591 363 640 ceteris
374 591 483 656 quidem
494 590 640 640 virtutibus
649 591 722 656 patri
731 605 787 641 non
801 591 911 642 absimi-

111 657 162 721 lis,
181 656 251 708 nihil
265 658 409 722 ceteroqui
422 656 498 707 bello
513 657 656 723 egregium
671 663 718 708 aut
731 658 910 709 memorabile

111 723 241 792 gerebat:
257 724 297 773 ita
307 729 338 772 ut
347 721 409 774 tota'
417 722 534 773 Polonia
545 729 613 773 etse
624 721 809 785 credulitatis,
823 731 851 775 et
864 739 910 776 va·

110 790 207 842 nitatis
216 797 307 840 vatum
317 802 428 838 suorum
437 803 571 855 responsa
580 787 731 840 damnaret.
759 789 909 842 Sedmalus

130 853 256 916 uiddam,
276 871 357 920 quam
377 855 452 921 quod
470 855 512 906 illi
531 856 662 921 suspicati
683 861 774 917 erant,
793 857 911 924 parabat

139 938 197 974 eus.
232 921 406 983 Miccislaus‚
431 921 521 972 ductis
541 921 685 972 barbarico
705 937 783 973 more
804 931 910 990 septem

109 988 257 1050 uxoribus,
280 986 372 1038 nullos
391 992 483 1038 tamen
498 1003 532 1038 ex
544 986 602 1040 ulla
618 991 715 1038 earum
725 987 831 1040 liberos
846 1003 908 1056 pro·

110 1069 208 1108 creare
228 1058 345 1120 poterat.
380 1053 491 1104 Interea
508 1053 640 1104 fundente
659 1069 689 1104 se
709 1069 742 1104 ac
760 1063 908 1122 spargente

110 1121 236 1190 quotidie
250 1119 333 1171 latius
345 1116 502 1171 Christiana
513 1120 666 1186 religione,
685 1129 867 1184 pervenerant
880 1127 910 1188 ct

109 1191 140 1242 ln
155 1187 299 1238 Poloniam
317 1186 406 1236 sancti
419 1187 530 1252 quidam
544 1185 608 1235 viri:
630 1186 677 1253 qui
697 1192 744 1236 aut
764 1186 908 1240 solitariae

109 1255 235 1316 uitae‚ut
244 1251 389 1320 quietioris
401 1259 429 1305 et
439 1252 528 1303 adres
539 1251 645 1302 divinas
656 1251 715 1302 siue
727 1253 784 1302 ullo
794 1254 908 1320 impedi·

108 1327 203 1374 mento
214 1319 439 1386 contemplandas
450 1319 566 1384 aptioris
577 1319 668 1368 studio
680 1319 768 1380 ducti,
779 1327 828 1369 aut
837 1321 907 1384 peri-

110 1387 234 1440 culorum
249 1392 325 1437 metu
335 1387 362 1436 in
374 1386 474 1436 abditis
490 1390 518 1435 et
527 1386 641 1436 remotis
652 1385 781 1435 silvarum
790 1386 907 1437 recessi·

108 1454 161 1506 bus
176 1453 386 1514 delitescentes,
402 1451 525 1513 Christo,
541 1458 572 1503 ut
585 1457 725 1518 poterant,
741 1452 905 1504 serviebant

108 1521 217 1572 Horum
228 1519 389 1586 quibusdam
399 1519 427 1570 in
438 1519 556 1569 animum
565 1519 718 1582 immittit*)
731 1517 820 1581 Deus,
831 1527 861 1570 ut
872 1518 907 1570 ad
973 1521 981 1535 “

109 1587 261 1656 principem
279 1586 391 1649 adeant,
412 1587 494 1653 cique
507 1586 692 1652 polliceantur
712 1591 741 1636 et
755 1587 859 1638 llberos
877 1592 907 1638 et
955 1592 962 1606 ¹

108 1654 166 1706 alia
180 1653 267 1704 multo
280 1654 397 1714 maiora,
417 1654 442 1704 si
458 1653 603 1720 repudiato
618 1652 751 1704 falsorum
767 1656 907 1704 numinum

109 1720 187 1772 cultu
202 1717 339 1774 Christum
354 1735 448 1770 rerum
463 1719 552 1771 ileum
568 1735 721 1788 agnoscere
736 1726 764 1771 et
776 1717 906 1772 traditam

109 1787 189 1838 abeo
201 1785 354 1838 doctrinam
363 1785 504 1851 suscipere
512 1787 606 1839 vellet.
635 1787 694 1854 lpse
703 1801 812 1854 quoquc
821 1783 906 1837 divini

109 1853 222 1920 spiritus
230 1853 377 1920 repentino
388 1859 478 1903 tactus
488 1851 593 1914 afflatu,
612 1861 766 1920 promptum
779 1869 810 1904 se
824 1867 856 1903 ae
866 1852 905 1903 la-

109 1921 191 1971 cilem
210 1919 376 1971 salutaribus
389 1920 500 1969 illorum
513 1920 625 1969 monitis
639 1921 774 1986 praebuit.
809 1919 905 1987 Neque

109 1986 220 2052 longius
233 2001 279 2038 res
288 1987 372 2038 ducta
384 1992 440 2048 est,
454 1999 534 2052 quam
545 1985 608 2035 dum
618 1988 705 2052 prima
718 2001 749 2036 ac
759 1987 907 2054 praecipua

108 2053 254 2120 religionis
269 2058 380 2104 nostrae
397 2053 488 2117 capita
500 2051 673 2102 edoceretur.
709 2051 787 2114 Quae
802 2058 834 2104 ut
845 2065 906 2119 per·

109 2119 193 2186 cepit,
203 2134 302 2186 magna
310 2132 410 2184 pompa
421 2133 452 2169 ac
463 2118 625 2169 celebritate
626 2117 743 2232 publice
750 2119 905 2186 baptizatas

107 2186 188 2238 brevi
205 2191 330 2252 tempore
345 2192 433 2236 totam
448 2183 593 2236 Poloniam
608 2198 625 2233 a
653 2181 836 2235 Christianam
848 2189 907 2253 pie·

107 2260 194 2306 tatem
205 2258 234 2302 et
244 2251 369 2318 exemplo
379 2267 430 2302 suo
442 2252 566 2302 incitavit
578 2256 606 2300 et
620 2247 859 2302 cohortationibus
873 2265 906 2304 ac

107 2318 239 2388 praemiis
250 2317 359 2381 allexit,
379 2326 407 2370 et
416 2319 497 2368 minis
508 2333 540 2368 ac
552 2317 693 2382 suppliciis
704 2315 835 2367 adversus
846 2331 905 2383 per·

106 2387 216 2437 tinaces
230 2400 280 2451 pro
302 2385 380 2434 osiris
393 2385 522 2450 perpulit.
558 2384 628 2434 Tum
643 2382 751 2432 demum
765 2385 905 2448 cognitum

107 2459 164 2514 est,
175 2450 249 2518 quod
290 2451 420 2502 lecislaus
429 2457 506 2502 tutos
517 2459 622 2510 septem
632 2462 719 2498 auitos
730 2462 828 2498 caecus
839 2447 906 2498 iuis-

107 2524 167 2582 set,
179 2517 364 2586 significatam
378 2531 440 2570 esse
454 2516 508 2569 hoc
520 2517 603 2568 modo
615 2516 770 2567 diuturnam
781 2513 905 2567 Polonas

97 2651 101 2658 .
144 2616 165 2672 ⁸)
182 2616 231 2659 Cle.
239 2628 282 2670 pre
291 2613 342 2659 Mil.
352 2621 387 2660 dl.
398 2617 503 2671 §.aheni
513 2601 608 2670 primm
619 2622 714 2659 mentem
723 2612 813 2664 intecit,
827 2616 853 2655 ut
862 2615 905 2656 att.

106 2673 165 2718 ibid.
175 2675 208 2715 ³&
219 2684 254 2725 pr.
278 2671 323 2713 llic
336 2678 433 2716 mentem
445 2675 553 2718 manvu
566 2669 603 2716 illi
618 2672 709 2728 perdito
722 2685 749 2715 ae
761 2670 859 2719 furioso,
880 2671 908 2711 ut

107 2727 161 2774 huie
171 2726 259 2771 iaceret
267 2723 370 2770 iusidias.
555 2757 556 2762 ,
