2146 3008
716 29 726 56 l

201 145 252 196 202
473 137 628 194 ORATIO
646 137 727 196 xlx.

202 249 323 310 emptum
335 238 419 294 veliti
443 237 537 292 Solem
550 254 604 308 ego
617 241 775 306 ipsusnrita
786 241 889 306 rivam,
902 243 932 296 is
944 250 997 298 tam

202 305 479 380 pulcro‘spectaculm
490 313 520 357 ut
528 306 610 358 losue
620 307 687 358 olim
696 307 828 360 adversus
835 312 997 364 Anrorraeos

200 383 354 444 pugnante,
377 375 558 426 substitutum
576 372 663 424 fuisse
685 375 817 438 arbitror,
846 377 901 426 nisi
924 384 997 428 tanta

200 443 303 498 fuisset
312 441 439 493 vincendi
449 439 591 502 celeritas,
602 445 644 502 ut,
656 441 703 506 qui
712 439 782 492 nihil
792 439 959 507 metuebant,
968 444 996 498 id

200 515 285 564 uuum
294 514 417 562 metuere
427 507 598 570 viderentur,
609 521 644 557 ne
658 508 734 572 prius
746 509 995 575 advesperasceret,

200 593 283 645 quam
297 589 392 626 omnes
406 571 502 624 hostes
516 578 563 624 aut
572 574 649 624 caesi
659 579 706 625 aut
716 577 790 641 capti
799 583 846 626 aut
856 575 945 642 fugati
956 591 994 627 es·

200 649 271 696 sent.
308 642 450 702 Quaenam
462 640 548 706 igitur
561 645 683 703 statuae,
697 643 746 708 qui
756 657 851 704 arcus,
869 656 938 708 quae
952 656 994 693 co·

199 709 321 768 lamnae,
339 721 410 774 quae
425 712 542 772 tropaea
553 707 633 758 vobis
650 708 766 760 excitari
783 713 926 774 poterunt,
945 708 995 758 riri

133 837 137 840 ,
161 801 165 816 =
198 774 361 836 fortissimi,
376 786 447 840 quae
462 786 517 824 non
532 771 595 822 dico
606 773 684 838 paria
694 789 757 826 esse
768 775 875 828 meritis
888 774 994 836 restris,

199 841 250 894 sed
264 855 360 892 eorum
371 846 479 906 partem
491 838 654 890 adumbrare
668 841 787 908 aliquam
800 840 924 906 possintt
949 841 995 908 qui

196 907 285 959 lutari
305 912 369 958 sunt
387 921 474 972 usque
493 920 526 956 eo
542 905 640 957 diserti
652 921 685 958 ao
698 906 806 974 copiosi
820 906 994 978 historiarum

199 975 365 1040 scriptores,
376 973 436 1040 qui,
447 987 508 1022 eum
523 971 559 1023 ad
571 971 758 1040 Naupacteam
771 975 914 1026 victoriam
932 987 994 1024 reu·

197 1049 257 1093 tum
270 1041 337 1101 erit,
350 1054 405 1090 non
419 1039 514 1105 potius
526 1046 662 1102 metuant,
676 1057 710 1092 ne
726 1042 792 1108 quid
806 1042 839 1092 de
850 1039 924 1092 illius
939 1054 994 1090 ma·

198 1107 344 1174 gnitudine
362 1107 502 1165 deterant,
522 1120 604 1170 quam
618 1121 678 1158 eam
691 1123 721 1159 se
735 1107 825 1162 verbis
834 1119 993 1173 exaequare

198 1188 283 1240 posse
294 1171 448 1225 confidanti
472 1170 587 1238 Semper
596 1176 669 1225 enim
678 1174 931 1226 iustumminuendi
939 1186 993 1224 me·

197 1251 257 1292 tum
266 1239 372 1292 iaciunt
382 1255 427 1303 ea,
441 1253 512 1306 quae
522 1239 707 1306 amplificandi
716 1257 792 1308 spem
803 1255 853 1292 sua
862 1241 993 1306 magnitu-

199 1307 263 1360 dine
277 1308 457 1360 sustulerunt.
491 1304 551 1358 Vos
565 1307 748 1358 exsultantem
757 1308 936 1360 barbarorum
949 1321 993 1357 au·

199 1373 307 1426 daciam
320 1370 539 1439 compressistis,
553 1375 700 1424 sesmaria
713 1375 770 1426 illis
781 1375 934 1440 clausistis,
947 1386 994 1424 ne·

197 1441 265 1492 stris
275 1441 435 1509 aperuistis,
446 1453 496 1490 res
506 1437 641 1490 flammam
652 1445 734 1504 atque
744 1441 859 1502 ferrum,
875 1455 924 1491 vos
935 1452 995 1490 cae·

167 1529 173 1561 s
200 1507 275 1570 dem,
293 1507 435 1566 incendia,
451 1505 574 1570 rapinas,
590 1505 733 1555 libidinem
746 1520 764 1554 a
777 1503 997 1557 Christianorum

201 1575 268 1636 sita,
287 1574 386 1633 tectis,
404 1569 538 1628 fortunis,
561 1569 724 1631 corporibus
742 1570 885 1633 arcuistis,
910 1587 960 1624 res
980 1586 998 1623 a

200 1639 309 1705 templis
321 1634 481 1698 sacrilegia,
495 1633 530 1680 ab
542 1633 650 1694 oppidis
663 1633 859 1696 direptionem,
875 1635 909 1685 ab
920 1639 999 1702 egris

199 1707 356 1756 vastitatem
368 1697 525 1763 depulistis,
543 1709 593 1759 per
603 1711 653 1746 vos
663 1703 806 1748 cruentata
815 1713 847 1748 ac
857 1700 1001 1764 tepefacta

199 1770 288 1820 maria
298 1767 408 1816 illorum
422 1761 556 1826 sauguine
569 1761 768 1826 redundarunt,
780 1779 829 1830 per
841 1780 892 1816 ves
905 1767 1000 1822 vicina

200 1837 285 1886 litora
297 1832 408 1880 illorum
425 1833 475 1879 aut
488 1827 645 1880 sauciorum
660 1833 893 1884 autmorientiusn
902 1833 1000 1887 incon·

200 1899 266 1950 ditis
279 1895 430 1948 ululatibus
443 1903 640 1962 personarunt,
653 1897 733 1952 vobis
745 1901 886 1968 magistris
901 1902 1000 1954 didicit

200 1970 295 2016 noster
305 1962 385 2014 miles
395 1963 521 2025 vincere,
531 1963 665 2017 barbarus
674 1966 760 2030 rinei,
776 1967 856 2020 uobis
868 1967 999 2022 Christia-

200 2045 297 2090 norum
312 2031 362 2083 alii
374 2029 457 2084 uitam
469 2029 584 2094 debent,
599 2031 648 2084 alii
661 2033 832 2097 libertatem,
845 2047 941 2088 omnes
956 2052 998 2088 se·

200 2100 355 2150 caritatem.
389 2095 507 2159 Durum,
522 2097 626 2161 fateor,
640 2100 732 2152 iuerat
744 2101 852 2164 audire,
864 2108 920 2154 tam
931 2101 998 2156 mul·

199 2171 230 2216 ta
245 2165 347 2234 oppida
361 2179 378 2215 a
390 2165 505 2218 nefariis
515 2163 669 2220 latronibus
685 2175 776 2235 capta,
789 2174 846 2218 tam
861 2171 948 2220 multa
959 2173 998 2222 in·

201 2247 296 2298 censa,
307 2240 363 2286 tarn
372 2234 473 2285 multas
482 2234 613 2300 regiones
625 2241 761 2299 vastatas,
773 2235 892 2286 abducta
902 2235 930 2286 in
942 2251 998 2288 ser-

203 2301 317 2353 vitutem
332 2308 389 2352 tam
403 2301 490 2353 multa
503 2299 643 2352 hominum
661 2303 761 2365 millia3
782 2303 833 2353 sed
851 2303 877 2352 si
896 2301 1000 2354 Christi

201 2367 338 2486 potentia,
352 2369 378 2420 si
388 2366 607 2418 Christianorum
617 2368 753 2421 fortitudo
764 2369 846 2420 aliter
855 2370 927 2436 apud
937 2370 999 2420 bar·

219 2451 281 2486 aras
292 2441 391 2502 gentes
399 2434 547 2495 illustrari,
560 2449 641 2498 quarn
652 2441 717 2500 post
730 2442 773 2488 tot
785 2443 912 2501 acceptas
926 2435 999 2488 cala·

200 2503 324 2564 mitates,
341 2517 397 2552 non
406 2506 529 2567 poterat,
544 2514 630 2568 prope
641 2509 696 2564 est,
710 2510 741 2554 ut
751 2503 914 2564 exciamem,
928 2503 1001 2554 tanti

200 2565 297 2620 fuisse.
333 2568 415 2619 Certe
436 2567 546 2632 quidem
565 2575 596 2619 ut
613 2570 691 2620 verni
704 2571 835 2636 temporis
852 2570 1002 2620 elementia

200 2641 230 2686 et
245 2635 399 2687 amoenitas
417 2635 508 2685 minus
524 2631 657 2688 hilararet
675 2637 781 2688 animos
800 2642 926 2699 uestros,
946 2635 1000 2688 nisi
