2154 3002
175 169 208 224 16
292 177 298 192 ”
467 163 619 223 citatio
636 165 674 220 11.

174 269 393 340 quidistandsnr
402 265 593 382 gererequid
602 264 833 333 suscipere,quid
844 267 969 338 cogitare

173 339 346 406 praeclamat
366 333 474 401 potasti
492 332 528 384 Sc
561 338 626 383 sunt
639 333 748 400 quidam
761 331 903 398 homines,
921 335 968 404 qul

173 421 235 458 curn
253 405 408 456 litterarum
425 399 620 450 tractationem
637 399 794 465 tranquillis
808 403 968 470 pacatisque

143 486 146 500 ¹
172 469 342 538 temporibus
363 473 391 518 et
404 464 549 516 honestam
561 463 687 531 inprimis
701 472 730 516 et
742 467 838 517 utilem
853 481 915 522 esse
928 465 974 536 ta,

173 545 295 599 reantur,
315 531 400 584 iidem
417 537 522 595 tamem
545 537 761 611 cumoccupata
777 531 853 584 bello
873 535 967 603 aliquo

172 605 271 658 ciritae
281 606 333 662 est,
342 599 430 651 latere
437 613 495 661 eas,
505 598 584 664 quasi
593 603 755 663 perterritas
763 605 847 664 metu,
858 607 886 652 et
895 603 968 654 inter

172 671 299 722 tubarum
309 667 495 742 lituorumqup
509 664 669 730 clangorem
683 664 787 716 nullum
797 666 840 717 sui
850 667 967 735 amplius

172 734 306 803 praebere
324 747 404 784 usum
425 731 601 782 arbitrantur.
637 730 760 792 Quorum
776 731 858 784 nobis
871 731 924 786 hac
937 737 967 786 in

171 808 250 869 parte
264 797 456 865 coarguendus
469 811 548 849 error
560 802 616 858 est,
627 802 656 848 et
670 804 799 914 quantum
815 799 858 849 vel
869 801 897 851 in
905 811 967 851 *me-

173 869 220 920 dio
236 867 373 919 bellorum
386 863 505 916 tumultu
518 863 629 914 litterae
642 879 677 914 ra
688 870 764 927 eant,
778 866 966 932 aperiendum.

173 933 281 986 Etenim
291 933 316 984 si
326 932 452 997 corporis
462 937 580 994 tautum,
593 945 649 980 non
657 931 741 984 etiam
751 931 849 994 auimi,
861 933 967 986 viribus

173 1001 249 1055 bella
257 1004 432 1068 gererentur,
442 1003 501 1048 tum
512 998 560 1050 isti
574 995 695 1048 fortasse
709 997 815 1064 aliquid
830 998 967 1063 dicerent3

173 1081 245 1120 nune
255 1066 316 1134 quis
327 1071 381 1128 est,
395 1064 514 1131 quicum
524 1061 592 1116 mihi
602 1070 631 1114 et
640 1063 787 1116 maximum
798 1078 860 1116 esse
870 1065 899 1114 in
908 1065 967 1116 bel·

173 1134 210 1188 lis
235 1131 354 1186 oonsilio
372 1145 406 1183 ae
429 1129 591 1210 prudentiae
610 1129 714 1194 locum,
733 1137 762 1182 et
780 1144 828 1182 eas
850 1131 968 1184 virtutes

173 1201 248 1254 bona
266 1213 301 1252 ex
319 1203 396 1264 parte
415 1197 570 1248 litterarum
588 1197 680 1250 studio
701 1195 868 1265 comparari,
890 1203 966 1250 certo

174 1267 285 1334 quidem
294 1264 441 1331 insigniter
453 1265 550 1332 augeri
565 1264 776 1330 confirmarique
787 1261 968 1330 concesserit,

174 1335 249 1390 idem
262 1339 275 1384 t
320 1346 353 1383 eu
370 1345 463 1382 earum
478 1331 621 1382 scientiam
634 1331 664 1380 in
676 1329 751 1381 bello
766 1331 892 1382 inutilem
905 1343 968 1382 esse

175 1405 277 1454 conten
297 1398 340 1450 ati
357 1399 397 1449 An
406 1397 566 1464 ignoramus
577 1395 687 1448 celebre
697 1393 770 1448 illud
782 1410 879 1463 regum
891 1397 968 1462 regis

155 1505 163 1516 ,
173 1463 384 1534 Agamemnonis
396 1471 498 1524 votum,
511 1463 559 1529 qui
568 1468 599 1512 ut
608 1462 693 1512 Troia
702 1460 812 1512 facilius
821 1462 969 1528 potiretur,

175 1548 230 1586 non
242 1531 357 1584 Achillis
371 1535 419 1580 aut
431 1528 535 1590 Aiacis,
547 1527 597 1578 sed
611 1525 738 1579 Nestoris
754 1527 849 1578 decem
862 1527 968 1580 similes

174 1599 288 1665 optabat
300 1595 371 1650 sibil
379 1597 403 1658 *l
424 1593 521 1660 Neque
534 1593 667 1659 temporis
680 1592 762 1643 nobis
774 1591 809 1642 ad
822 1593 969 1645 vivendum

172 1679 191 1716 a
200 1671 299 1716 natura
312 1660 476 1730 praescripti
486 1674 520 1710 ea
532 1657 678 1724 longitudo
689 1664 744 1721 est,
761 1672 850 1726 neque
860 1659 901 1710 ita
913 1659 969 1712 lert

173 1729 352 1782 humanarum
371 1740 463 1778 rerum
480 1723 566 1787 ratio,
575 1731 606 1774 ut
619 1723 712 1778 multis
725 1723 873 1778 admodum
884 1725 967 1782 bellis

1062 1723 1076 1752 „l

171 1796 333 1850 interfuisse
351 1807 421 1845 unus
440 1789 568 1856 idemque
586 1791 688 1858 possit:
713 1792 807 1858 itaque
825 1793 872 1860 qui
883 1809 967 1846 unuin
987 1835 994 1850 ,
1061 1832 1064 1839 .

172 1864 324 1916 alterumve
333 1863 505 1925 spectarunt,
515 1856 630 1926 multum
643 1857 696 1910 sibi
709 1858 839 1911 militaris
849 1860 967 1927 pruden-

170 1929 228 1982 tiae
239 1925 388 2004 collegisse
400 1924 599 1976 existimantur.
634 1923 707 1994 Quid
715 1940 763 1978 eos
774 1927 967 1992 iudicabimus,

170 1995 219 2062 qui
235 1992 290 2044 hoc
308 1991 362 2044 arbi
381 1990 511 2041 diuturna
528 1987 663 2047 librorum
679 1991 838 2046 evolutione
852 2008 966 2063 pepere-

168 2065 246 2124 runt,
265 2064 296 2110 ut
315 2056 450 2119 omnibus,
488 2061 606 2123 uotquot
623 2065 689 2127 post,
704 2058 845 2112 homiuum
863 2073 965 2112 memo-

170 2128 415 2193 riamgestasunl,
431 2121 479 2174 bel
493 2125 515 2174 'a
531 2123 692 2196 interfuisse
706 2127 866 2179 videantur?
884 2124 966 2186 Quod

170 2194 195 2246 si
206 2193 267 2260 quis
277 2192 317 2244 ita
325 2189 401 2242 bella
410 2190 518 2258 aliquot
526 2198 653 2258 spectare
662 2199 771 2262 posset,
781 2198 812 2243 ut
820 2192 965 2258 utriusque

163 2262 256 2328 partis
281 2257 398 2310 consilia
419 2262 543 2322 teneret,
572 2273 664 2312 rerum
688 2256 965 2312 administrandarum

170 2326 242 2377 siam
255 2323 445 2391 rationemque
462 2331 659 2392 cognosceret,
673 2319 891 2377 eventus'animo
907 2337 964 2373 cer·

168 2398 261 2456 neret,
274 2391 340 2460 quid
354 2405 410 2442 non
424 2391 451 2442 ei
461 2397 562 2458 postea
575 2393 604 2444 in
621 2392 703 2443 rebus
717 2389 826 2442 bellicis
844 2391 964 2441 omnium

170 2455 500 2512 consensutribuereturl
516 2459 551 2509 At
561 2455 743 2521 haecomnia,
759 2455 806 2524 qui
819 2464 965 2512 versantur

195 2558 217 2614 ³)
233 2550 467 2665 Hui-'oigffidaez'pos
477 2611 636 2666 ιιιμφρᾶδμυνις
645 2609 686 2656 elo
694 2611 795 2666 Ἅιαιῦν.
845 2633 858 2653 0

236 2669 536 2724 Glc.01to.ml.l⁰.}.lll.
608 2716 612 2722 ,
