2146 3008
100 149 103 152 '
181 143 233 198 tes
439 141 726 196 enarroxxlli.

107 275 113 284 ι
182 252 212 300 et
224 259 259 298 ea
272 251 316 298 est
328 242 589 305 tantumtantum,
602 248 648 306 ut,
666 259 726 294 cum
741 243 906 311 quim-mod
920 247 925 261 '

182 315 314 376 dixisset,
324 314 353 364 id
363 313 397 364 ab
409 326 456 373 eo,
467 311 514 378 qni
524 311 604 374 eicit,
616 312 747 362 omissum
760 309 846 376 videt,
861 262 971 366 nonliddd

182 395 294 448 queque
308 381 363 432 dici
382 379 520 445 potuisse,
539 377 589 440 sed
603 375 658 438 hoc
672 375 843 452 potissimum
863 376 918 431 dici
931 381 970 434 de·

182 447 277 500 baisse
296 446 454 498 contendat.
489 445 532 496 lta
550 445 614 496 dum
633 459 683 509 pro
698 459 749 494 suo
764 446 879 512 quisque
892 453 972 514 ,captu

183 515 251 632 PM
261 515 321 580 ipse
331 513 455 564 dicturus
465 504 550 564 inerit
560 511 674 576 cogitat,
687 517 715 560 et
725 509 781 560 aiio
791 526 876 578 prope
888 514 972 564 omnia

196 597 226 632 as

229 581 343 640 ridicas,
363 579 427 630 dum
445 578 475 628 id
488 593 569 628 unum
584 577 705 638 dicatur,
725 577 805 628 avide
826 579 971 644 exspectat:

183 647 316 716 quidquid
330 642 448 708 dixeris,
463 659 572 710 semper
581 643 719 694 videberis
731 644 859 695 omisisse
874 643 971 712 praeei-

182 727 247 779 puo,
270 718 299 776 et
313 712 406 762 omma
419 711 575 764 eommunia
588 725 620 761 ac
634 711 753 760 contrita
769 711 887 773 dixisse,
904 711 974 778 qood
1054 737 1062 756 t

183 793 218 831 ea
235 793 290 830 non
309 777 426 838 dixeris,
445 792 515 846 qaae
532 779 556 828 si
567 777 699 839 dixisses,
717 777 779 842 ipsa
791 793 900 844 quoque
913 779 971 830 aliis

183 845 312 898 obsoleta
332 851 362 898 et
379 845 505 912 vulgaria
524 845 695 908 riderentur3
723 849 754 894 ut
770 843 870 894 melim-
885 841 974 898 hacid

183 919 261 982 parte
272 912 309 964 sit
319 926 415 964 eorum
428 912 567 973 conditio,
583 911 630 976 qui
646 911 730 962 aridis
750 925 782 960 ac
797 909 936 964 sterilibus
945 913 974 967 in

183 981 353 1047 argumentis
376 985 531 1031 versantur:
553 993 682 1094 guarum,
711 977 769 1028 sive
796 975 975 1042 abundarunt,

183 1047 312 1100 laudator
322 1047 475 1112 ingenium,
486 1046 545 1096 sire
575 1043 727 1105 eiecerunt,
738 1045 870 1095 materiae
880 1044 975 1095 ieiuni-

184 1120 228 1166 tas
239 1121 396 1174 accusatur,
411 1127 473 1167 eum
482 1117 591 1174 centra,
612 1111 658 1162 ubi
671 1111 761 1182 anrpla
772 1111 883 1162 dicendi
895 1125 975 1177 seges

184 1187 240 1243 est,
256 1179 389 1247 quidquid
403 1179 516 1233 allatum
529 1185 585 1242 est,
598 1178 720 1230 ubertati
726 1178 860 1232 materiae
875 1175 976 1230 adscri-

88 1246 91 1250 ’
184 1244 543 1314 batur,quidqoidomissmn
553 1251 608 1306 est,
622 1243 682 1296 tibi.
717 1243 777 1312 Ego
788 1260 854 1296 vero
866 1259 977 1312 quomo·

185 1314 220 1366 do
242 1321 290 1366 aut
304 1313 454 1381 quidquem
470 1313 617 1362 allatorum
631 1327 692 1364 esse
706 1327 748 1365 me
759 1321 884 1382 sperem,
899 1307 978 1378 ,quod

184 1381 308 1432 novitate
322 1381 490 1432 audientium
500 1379 606 1431 animos
617 1385 724 1446 teneat,
740 1394 801 1430 cum
811 1379 846 1429 iis
858 1380 886 1430 in
896 1379 978 1430 rebus

183 1461 246 1498 mea
260 1453 403 1499 versatora
417 1447 455 1496 sit
466 1445 569 1505 oratio,
589 1448 616 1494 in
631 1443 728 1508 quihus
742 1446 982 1514 praestantissima

184 1528 215 1564 se
235 1515 356 1564 omniunt
375 1517 495 1562 aetatum
521 1509 633 1572 ingenia
656 1517 852 1570 exercuerunt,
873 1518 922 1562 aut
940 1513 983 1562 ita

184 1577 332 1638 dicturum,
348 1583 378 1626 ut
394 1582 449 1624 non
458 1573 672 1623 innumerabiles
685 1573 840 1622 aliiiisdem
852 1576 984 1630 derebus

184 1644 346 1692 ornefiosae
356 1635 642 1701 copiosius'dixerinti
655 1635 711 1690 Sed
721 1635 788 1686 mihi
797 1653 886 1704 neque
897 1644 985 1696 valde

183 1707 362 1759 laborandum
371 1707 424 1762 est,
435 1707 465 1750 ut
475 1716 545 1750 nova
556 1701 756 1765 conquiram-
767 1719 821 1754 nou
833 1705 906 1756 enim
917 1723 985 1764 can.
1061 1727 1062 1730 ¹

183 1773 284 1824 tilenae
294 1776 359 1820 sunt
367 1765 532 1833 hae,quibus
542 1767 659 1828 nouitas,
666 1774 696 1819 ut
706 1769 745 1822 ait
753 1771 985 1840 Telemachum,
1061 1809 1062 1818 κ

110 1885 113 1888 .
182 1835 313 1888 conciliat
331 1835 461 1901 gratiam,
483 1834 534 1886 sed
552 1843 712 1902 praecepta,
754 1838 833 1890 uibus
852 1847 984 1896 vetustas
1061 1841 1062 1898 i

181 1901 258 1952 addit
271 1903 466 1954 auctoritatem
475 1909 560 1966 -et,
579 1904 604 1956 ai
617 1918 694 1968 vera,
708 1853 797 1966 otidis,
811 1912 875 1970 apta
887 1905 923 1960 ad
940 1909 983 1973 id,

178 1969 253 2034 quod
266 1968 332 2022 mihi
344 1953 584 2036 propositirmest,
598 1971 683 2040 digna
696 1971 775 2024 huius
786 1973 842 2022 loci
857 1979 982 2028 auctori·

178 2042 249 2100 tate,
266 2038 350 2104 digna
362 2039 463 2089 restris
476 2039 588 2090 auribus
602 2037 735 2104 attulero,
753 2039 850 2106 quibus
865 2055 898 2094 ea
913 2058 981 2094 cun·
1056 2053 1062 2114 n

178 2117 232 2170 que
243 2105 334 2159 rerbis
345 2105 482 2168 extulero,
493 2103 546 2156 hoe
556 2105 617 2174 ipso
629 2120 671 2158 me
684 2107 751 2158 satis
764 2113 859 2157 ornate
870 2108 981 2160 dixisse

177 2172 342 2230 arbitrabor.
377 2173 457 2240 Agite
476 2173 574 2240 igitur,
595 2173 645 2222 riri
662 2178 847 2239 praestantes,
868 2181 981 2226 etcum
1061 2219 1062 2228 ,

133 2285 141 2302 ,
177 2239 241 2292 aliis
260 2240 430 2300 nominibus,
451 2245 509 2290 tum
527 2241 674 2306 praecipue
690 2239 798 2301 harum,
820 2239 853 2290 de
875 2241 981 2308 quibus
1061 2239 1062 2256 ¹

109 2337 113 2343 -
177 2305 270 2358 dicere
280 2307 433 2374 ingredior,
444 2309 543 2357 artium
553 2306 629 2360 cultu
639 2312 667 2356 et
676 2307 842 2358 tractatione
853 2307 981 2358 clarissi-

178 2373 229 2436 mi,
241 2374 330 2440 agite,
345 2373 465 2426 studiosi
478 2373 683 2435 adolescentes,
697 2388 812 2439 quorum
826 2373 919 2424 mollis
932 2373 983 2424 ad·

178 2437 233 2490 huc
242 2447 271 2490 et
283 2447 380 2491 tenera
393 2447 471 2490 aetas
485 2440 513 2490 in
528 2440 652 2492 eiusdem
665 2439 772 2510 gloriae
786 2453 862 2504 spem
876 2440 984 2491 eedem
1006 2476 1009 2484 ¹

179 2507 259 2570 quasi
276 2506 349 2559 lacte
362 2505 504 2564 Musarum
520 2504 666 2567 educatur,
686 2507 848 2572 cognoscite
866 2521 984 2558 mecum
1061 2523 1062 2540 ¹

147 2613 153 2619 .
178 2571 342 2624 felicitatem
340 2580 483 2689 Lvestram,
499 2571 547 2639 qui
556 2573 688 2635 instinctu
698 2571 816 2639 quodem
826 2569 986 2646 afflatuque
1061 2553 1062 2640 i

123 2655 128 2662 ·
218 2645 238 2699 ')
253 2645 333 2700 odyn.
371 2649 419 2690 ³51.
