2156 3008
181 191 228 242 ur
476 185 681 255 eadmeri.
732 255 739 262 ¹

178 275 222 353 id,
233 287 496 357 quodinteriieitur,
510 287 597 357 probe
612 285 750 342 ellectum.
784 289 820 341 dt
829 285 978 356 phantasia

166 356 264 424 'saepe
279 351 400 418 fallitur,
419 361 451 406 ut
465 370 526 407 cum
539 356 568 405 in
581 356 696 420 picturis
712 354 832 408 eminere
848 357 977 410 videntur

180 438 250 493 quae
261 423 344 492 plana
352 427 428 485 eunt3
438 428 470 472 ut
479 437 541 474 eum
550 435 641 472 remus
652 422 680 472 in
690 436 761 489 aqua
770 421 889 474 inflexus
898 424 976 474 vide-

177 497 236 552 tur3
254 495 285 540 ut
295 503 357 540 cum
367 489 430 539 cani
438 488 566 556 Aescpeo
577 488 669 554 imago
686 489 776 541 earnis
787 490 815 540 iu
826 503 896 557 aqua
908 504 974 542 caro

179 556 333 608 videbatur.
367 555 447 612 Hanc
459 557 552 606 inesse
564 557 593 606 in
605 553 703 606 bestiis
716 553 761 605 vel
774 570 809 606 ex
822 570 855 606 eo
872 569 976 624 cogno-

180 625 296 684 scimus,
318 619 393 688 quod
412 635 506 672 earum
530 622 679 688 pleraeque
699 627 728 672 et
746 623 929 673 meminerunt
947 629 976 674 et

133 681 137 693 “
151 737 163 744 ,
180 689 330 748 somniant,
353 693 380 738 ut
398 688 472 768 equi,
486 693 519 738 ut
530 703 623 738 canes:
645 701 761 754 quorum
774 695 900 740 neutrum
913 689 973 741 aine

181 769 227 817 ea,
244 755 278 806 de
293 768 346 820 qua
357 753 508 822 loquimur,
522 754 655 805 facultate
668 753 762 806 facere
774 761 897 821 possent.
932 755 975 806 Ex

181 823 222 872 eis
236 826 385 872 nascuntur
396 820 476 882 illae,
495 834 563 886 quas
576 821 605 870 in
621 823 812 888 persequendo
829 819 974 888 fugiendo·

181 901 234 954 que
248 889 325 939 cerni
337 893 366 937 et
378 901 479 954 graece
489 883 621 956 ὀρεκτικὰς
635 903 672 941 vo
720 889 729 937 i
742 889 869 940 diximus.
904 886 974 938 Nam

181 967 244 1006 eum
257 967 365 1004 omnem
378 968 489 1004 aericum
504 953 630 1021 voluptas
649 969 666 1005 a
713 955 973 1007 molestie-comite·

180 1027 240 1083 tur,
281 1033 376 1071 uarum
392 1020 480 1071 altera
496 1025 611 1072 naturae
630 1027 816 1073 consentanea
836 1026 865 1089 et
885 1021 975 1070 amica

181 1094 238 1150 est,
282 1088 638 1150 teraudvereaetinimica,
658 1088 701 1148 tlt,
721 1095 752 1139 ut
761 1088 863 1146 nullum
873 1085 974 1156 animal

180 1155 230 1216 ait,
250 1155 280 1206 in
294 1168 348 1222 quio
365 1168 419 1205 non
434 1154 501 1204 insit
520 1154 654 1220 naturalia
671 1161 700 1205 et
714 1155 848 1221 appetitio
868 1167 973 1214 eorum,

184 1283 185 1286 Ἴ
199 1237 250 1273 uae
262 1221 394 1284 iucunda,
409 1226 437 1272 et
446 1220 514 1293 iuga
526 1237 634 1283 eorum,
648 1235 719 1288 quae
731 1224 850 1272 ntolesta
862 1233 924 1272 esse
935 1220 974 1270 vi·

181 1237 307 1341 ficantur.
339 1285 484 1356 Ὀρικτικάς
497 1289 618 1350 diadinae
627 1288 785 1340 A1·istotelia
798 1290 976 1352 interpretes,

180 1355 377 1417 Hammonius,
395 1354 552 1407 Eustratius
568 1361 596 1406 et
612 1353 660 1404 alli
678 1352 762 1467 νυίἱο
783 1353 851 1404 duas
870 1359 977 1404 tantum

181 1419 300 1484 faciunt,
329 1419 475 1482 ἐπιθυμίαν
495 1421 539 1470 καὶ
560 1417 656 1479 θυμόν.
691 1417 727 1469 Se
765 1418 977 1481 intelligendum
1069 1427 1070 1446 ¹

181 1491 267 1551 est,in
279 1489 404 1538 omnibus
415 1486 577 1538 animalibus
588 1485 722 1534 exsistere
734 1488 761 1531 et
771 1497 805 1531 ex
814 1482 888 1530 bono
899 1494 978 1546 prae·

182 1556 255 1606 senti
270 1553 413 1613 laetitiam,
425 1557 497 1602 etex
507 1551 647 1616 eo„quod
658 1546 779 1598 nondum
792 1545 893 1612 adepta
903 1555 976 1611 sunt,

183 1620 374 1688 cupiditatem,
393 1622 422 1668 et
435 1613 635 1681 aegritudinem
650 1627 685 1662 ex
699 1614 838 1679 praesenti
854 1613 927 1666 malo
948 1625 979 1668 et

181 1695 284 1738 metum
298 1700 330 1736 ae
345 1683 571 1741 declinationem,
591 1679 617 1729 ai
627 1677 692 1727 mali
708 1677 774 1744 quid
784 1679 927 1732 imminere
937 1683 977 1733 vi·

182 1752 290 1803 deatur.
324 1741 402 1799 llaec
414 1745 515 1807 Stoici,
526 1752 558 1795 ut
568 1759 613 1795 me
623 1745 707 1796 tertio
719 1743 819 1796 abhinc
828 1749 929 1808 anuo*)
940 1762 977 1800 ex
1063 1745 1069 1756 “

182 1817 235 1868 Ιιοο
248 1819 309 1882 ipso
323 1815 386 1865 loeo
398 1812 490 1862 dicere
505 1813 631 1874 memini,
649 1811 760 1878 propria
770 1809 901 1876 hominia,
921 1829 976 1866 non

181 1885 209 1934 ei
218 1897 278 1932 cum
290 1879 391 1932 ceteris
401 1877 566 1930 animalibus
579 1881 734 1930 communia
744 1893 805 1931 esse
819 1882 976 1933 voluerunt:

86 1985 92 1992 ,
175 1945 269 2014 neque
280 1947 352 1996 enim
362 1951 485 1996 metuere
494 1945 672 2009 bestiae,eed
681 1947 759 2014 quasi
769 1955 905 2011 metuere3
924 1962 976 1999 nec

180 2027 294 2079 cupere,
314 2011 364 2064 sed
382 2012 460 2080 quasi
477 2027 590 2082 cupere,
611 2013 763 2132 eodemque
783 2015 866 2067 modo
886 2027 975 2081 neque

179 2093 247 2130 vera
264 2079 339 2144 ipsae
354 2079 473 2142 laetitia,
493 2096 582 2148 neque
600 2095 719 2136 verneto
733 2083 805 2134 estia
822 2081 905 2140 allici,
925 2079 977 2130 sed
1068 2081 1069 2084 ’

179 2146 323 2211 utriusque
342 2145 490 2214 imaginem
508 2149 591 2199 modo
612 2149 748 2215 quandam
768 2163 800 2200 ac
819 2144 976 2198 similitudi·

131 2263 138 2286 Κ
179 2225 244 2264 nem
259 2210 369 2264 habere.
406 2215 494 2275 Quam
508 2216 678 2283 opinionem,
697 2223 728 2267 ut
740 2215 852 2267 stultam
865 2219 893 2261 et
907 2209 976 2262 deli-

179 2293 253 2342 ram,
273 2293 325 2332 exa
346 2281 415 2332 itant
434 2279 611 2342 Plutarchus,
631 2281 768 2343 Galenus,
793 2276 966 2343 Porphyrius

180 2346 293 2414 aliique.
326 2296 387 2400 {ed
398 2347 499 2411 Stoici,
514 2350 538 2400 ai
553 2347 712 2414 dogmatum
726 2346 837 2400 auorum
848 2351 977 2394 constan-

180 2417 249 2466 tiam
263 2427 295 2467 ec
309 2415 529 2467 convenientiam
540 2415 663 2465 retinere
682 2430 715 2466 ac
733 2424 898 2464 conservare
918 2410 975 2461 vel-

180 2479 680 2545 lent,itadieereneceaeebabebant
714 2479 978 2530 Haecenimomnia

181 2549 223 2600 ita
241 2548 420 2609 deliniebant,
439 2553 470 2598 ut
490 2562 524 2599 ex
543 2563 559 2598 ο
580 2548 674 2598 inione
692 2546 769 2596 nasci
785 2544 920 2596 dicerent:
941 2557 978 2596 ex

183 2614 390 2680 opinioneboni
399 2563 709 2680 praesentiafaetitiam,
721 2627 756 2664 ex
766 2611 896 2678 opinione
910 2611 978 2662 mali

211 2693 231 2744 ¹)
247 2691 317 2735 Immo
328 2691 410 2736 abhinc
419 2705 490 2744 annot
501 2699 544 2736 tm
553 2695 589 2736 vel
597 2693 680 2738 aliiue
690 2693 764 2738 tribur
773 2692 844 2736 mne.
