2156 3008
186 183 219 234 84
463 181 614 234 ORATIO
632 182 700 236 llll.
748 225 753 228 .

205 347 347 408 habantur,
354 347 427 413 qnod
437 348 631 414 pulcerrimum
641 364 674 400 ac
684 349 856 402 verissimum
868 358 912 402 est
938 351 975 405 hi·

187 364 456 480 Yosophandigenns.
473 368 975 480 Integritatenuiustitiam,lidemfflor·

189 481 344 540 titudinem,
359 493 466 530 omnem
477 481 596 546 denique
607 481 736 530 virtutem
749 488 777 531 et
787 482 917 534 colebant
925 485 978 550 ipsi

189 553 217 598 et
226 545 297 596 alim
313 545 406 594 calere
420 545 560 597 iubebant.
594 547 636 598 Eo
647 546 682 598 ad
691 553 795 596 tantum
808 550 979 601 maiestatem

189 619 271 678 atque
282 610 488 674 amplitudinem
499 619 696 676 pervenerunt,
714 618 745 662 ut
754 613 904 680 pleraeque
914 628 977 680 geu-

190 683 245 736 tes,
259 677 333 740 quod
346 678 423 740 ipsae
439 678 505 727 olim
518 691 536 726 a
548 677 650 727 talibus
663 677 730 728 viris
747 677 877 730 subactae
890 693 923 730 ac
936 695 977 731 su·

191 746 302 806 peratae
313 743 376 802 sint,
389 757 470 806 quam
481 743 555 808 quod
563 744 641 807 ipsae
652 743 721 792 alias
732 744 892 808 devicerint,
902 759 979 812 prue-

191 807 292 856 clarius
302 807 355 856 aibi
368 821 400 857 ac
414 809 565 874 gloriosius
579 809 688 859 ducant.
724 809 858 868 Quantam
872 817 981 877 oportet

192 873 308 938 gloriam
318 871 405 924 tuisse
416 875 595 935 vincentium,
609 889 670 924 cum
684 875 750 934 vieti
760 882 802 926 tot
814 883 879 942 post
887 889 980 928 saecu·

193 937 227 989 lis
251 938 422 1005 glorienturl
449 940 553 990 Eorum
574 953 627 1006 ego
646 941 818 1006 potissimum
839 942 980 1008 exemplis,

192 1003 398 1066 adulescentes,
413 1005 534 1056 incitabo
547 1021 597 1055 vus
611 1005 735 1072 quotidie
749 1013 831 1074 atquo
842 1021 982 1070 exacuam,

194 1084 281 1136 neque
305 1071 390 1121 ullum
412 1085 447 1122 en
464 1071 614 1122 Aristotele
637 1079 814 1140 praeceptum
835 1073 980 1138 proferam,

195 1139 272 1188 euius
285 1152 341 1187 non
356 1151 390 1188 ex
402 1136 453 1188 huo
469 1138 535 1189 urbe
552 1138 670 1203 plurima
681 1140 853 1206 maximeque
864 1139 984 1190 illustria

195 1202 320 1268 exemplu
333 1209 500 1270 repetantur.
535 1204 674 1260 Constitui
687 1206 772 1267 enim,
787 1206 896 1271 quando
906 1203 985 1266 Pius,¹

196 1269 315 1334 optimus
333 1284 365 1319 ac
382 1272 571 1321 sanctissimus
585 1270 729 1332 Pontifex,
750 1271 797 1336 qui
814 1273 874 1336 ipse
895 1269 985 1322 omnis

1012 181 1064 356 .,

103 295 107 304 “
186 282 279 344 iactis,
290 297 345 334 non
358 281 451 344 dictis3
463 283 594 344 osoribus,
606 295 661 333 uon
672 283 845 338 sermonibus
855 283 974 352 philoso-

195 1335 305 1386 virtutis
319 1334 551 1400 perfectissimum
566 1336 773 1402 exemplarent,
789 1350 850 1384 eum
859 1331 927 1386 mihi
937 1335 987 1388 ho-
1063 1373 1064 1384 ,

196 1415 292 1454 norem
309 1401 420 1464 detulit,
440 1409 501 1452 uta
513 1417 556 1452 me
570 1403 679 1452 virtutis
695 1406 723 1450 et
741 1401 825 1450 officii
838 1407 989 1465 praecepta

199 1466 275 1518 vobis
288 1469 405 1536 proponi
420 1474 501 1532 utque
518 1465 649 1530 explicari
660 1465 789 1524 voluerit,
800 1463 888 1512 modis
900 1469 990 1516 omni·
1007 1473 1010 1480 ’

196 1531 247 1584 bus
262 1533 342 1594 eniti,
357 1539 387 1583 nt
403 1547 437 1584 ea
449 1549 502 1582 non
514 1532 591 1580 arido
606 1536 634 1579 et
645 1529 749 1578 inculto
766 1527 990 1582 etmolestisim·

197 1595 299 1662 plicato
313 1597 521 1664 quaestionibus
535 1594 668 1643 orationis
683 1607 784 1657 genere
797 1597 989 1671 prosequar*),

197 1663 259 1724 sed,
275 1669 404 1730 quantum
418 1661 447 1710 id
458 1660 566 1725 quidem
575 1660 604 1707 in
614 1672 657 1707 me
667 1658 733 1718 erit,
747 1657 847 1710 llorrdo
863 1666 891 1712 et
901 1662 990 1716 ubero

198 1735 237 1790 et,
253 1731 332 1794 quasi
341 1727 429 1777 stellis
440 1724 613 1790 quibusdam,
630 1725 670 1772 ita
678 1725 772 1788 petitis
789 1735 931 1779 exuetere
947 1727 990 1780 hi-

197 1795 285 1844 storiu'
303 1790 435 1855 exemplis
453 1789 606 1839 illuminato
632 1796 713 1856 atque
738 1790 884 1844 distincto:
914 1793 988 1849 Peto

197 1865 289 1910 autom
307 1872 324 1907 a
336 1855 486 1916 vobim-ut,
499 1855 523 1906 si
535 1861 564 1905 et
578 1856 607 1906 in
619 1855 655 1907 iis
668 1856 763 1921 rebus,
781 1874 848 1926 quas
864 1867 999 1912 tracturo-¹

196 1924 316 1982 institui,
337 1933 467 1970 summum
477 1921 641 1987 dignitatem
653 1923 745 1975 inesse
760 1926 886 1989 cernitis,
899 1933 933 1976 et·
942 1939 990 1980 me

197 1987 278 2041 nullis
288 1986 400 2054 vigiliis,
412 1985 495 2038 nullis
506 1987 657 2052 laboribus,
668 1991 736 2043 nulli
746 1991 864 2059 (lenique
873 1994 915 2042 rei
925 2007 990 2058 par-

198 2057 318 2112 centem,
336 2058 367 2102 ut
383 2054 482 2104 restris
503 2057 654 2116 counnnodis
673 2059 825 2120 consulam,
845 2057 991 2119 videbitis,

158 2165 162 2172 .
196 2115 359 2170 iudustriam
372 2131 461 2170 meam
476 2119 620 2188 diligentia
635 2137 667 2172 ac
684 2123 878 2174 benevolentia
894 2128 994 2174 vestra

198 2181 343 2238 adiuuem.
380 2195 454 2238 arxi.
472 2229 476 2236 .

225 2267 245 2316 'J
261 2266 332 2311 larua
339 2277 461 2325 postqum
468 2264 587 2320 [italum
597 2267 657 2321 qnod
666 2269 752 2323 recepit
761 2265 875 2310 Matthiae.

515 2461 687 2479 m
