<?xml version="1.0" encoding="UTF-8"?>
<!DOCTYPE html PUBLIC "-//W3C//DTD XHTML 1.0 Transitional//EN"
    "http://www.w3.org/TR/xhtml1/DTD/xhtml1-transitional.dtd">
<html xmlns="http://www.w3.org/1999/xhtml" xml:lang="en" lang="en">
 <head>
  <title>
</title>
<meta http-equiv="Content-Type" content="text/html;charset=utf-8" />
  <meta name='ocr-system' content='tesseract 3.04.00' />
  <meta name='ocr-capabilities' content='ocr_page ocr_carea ocr_par ocr_line ocrx_word'/>
</head>
<body>
  <div class='ocr_page' id='page_1' title='image "./mantoniimuretie00muregoog_0151.png"; bbox 0 0 2156 3008; ppageno 0'>
   <div class='ocr_carea' id='block_1_1' title="bbox 179 199 722 275">
    <p class='ocr_par' dir='ltr' id='par_1_1' title="bbox 179 199 722 275">
     <span class='ocr_line' id='line_1_1' title="bbox 179 199 722 275; baseline 0 -21"><span class='ocrx_word' id='word_1_1' title='bbox 179 199 239 275; x_wconf 17' lang='lat' dir='ltr'><strong>&#39;sss</strong></span> <span class='ocrx_word' id='word_1_2' title='bbox 310 221 323 256; x_wconf 50' lang='lat'>2</span> <span class='ocrx_word' id='word_1_3' title='bbox 477 201 632 256; x_wconf 72' lang='lat' dir='ltr'><strong>onemo</strong></span> <span class='ocrx_word' id='word_1_4' title='bbox 650 201 722 254; x_wconf 81' lang='grc' dir='ltr'>ιιιι</span> 
     </span>
    </p>
   </div>
   <div class='ocr_carea' id='block_1_2' title="bbox 189 297 992 572">
    <p class='ocr_par' dir='ltr' id='par_1_2' title="bbox 189 297 992 572">
     <span class='ocr_line' id='line_1_2' title="bbox 189 297 992 372; baseline 0.002 -18"><span class='ocrx_word' id='word_1_5' title='bbox 189 303 275 367; x_wconf 72' lang='lat' dir='ltr'><strong>verit,</strong></span> <span class='ocrx_word' id='word_1_6' title='bbox 297 302 408 372; x_wconf 83' lang='lat' dir='ltr'><strong>quando</strong></span> <span class='ocrx_word' id='word_1_7' title='bbox 427 308 517 358; x_wconf 84' lang='lat' dir='ltr'><strong>totum</strong></span> <span class='ocrx_word' id='word_1_8' title='bbox 534 303 606 357; x_wconf 83' lang='lat' dir='ltr'><strong>illud</strong></span> <span class='ocrx_word' id='word_1_9' title='bbox 627 303 771 372; x_wconf 75' lang='lat' dir='ltr'><strong>negotium</strong></span> <span class='ocrx_word' id='word_1_10' title='bbox 788 315 846 358; x_wconf 85' lang='lat' dir='ltr'><strong>non</strong></span> <span class='ocrx_word' id='word_1_11' title='bbox 863 297 992 356; x_wconf 83' lang='lat' dir='ltr'><strong>humanis</strong></span> 
     </span>
     <span class='ocr_line' id='line_1_3' title="bbox 191 365 992 439; baseline 0 -17"><span class='ocrx_word' id='word_1_12' title='bbox 191 371 330 434; x_wconf 86' lang='lat' dir='ltr'><strong>consiliis,</strong></span> <span class='ocrx_word' id='word_1_13' title='bbox 350 372 401 423; x_wconf 86' lang='lat' dir='ltr'><strong>sed</strong></span> <span class='ocrx_word' id='word_1_14' title='bbox 419 372 505 423; x_wconf 85' lang='lat' dir='ltr'><strong>divini</strong></span> <span class='ocrx_word' id='word_1_15' title='bbox 519 365 634 439; x_wconf 74' lang='lat' dir='ltr'><strong>spiritus</strong></span> <span class='ocrx_word' id='word_1_16' title='bbox 647 371 781 422; x_wconf 86' lang='lat' dir='ltr'><strong>instinctu</strong></span> <span class='ocrx_word' id='word_1_17' title='bbox 796 373 880 435; x_wconf 88' lang='lat' dir='ltr'><strong>atque</strong></span> <span class='ocrx_word' id='word_1_18' title='bbox 897 365 992 422; x_wconf 82' lang='lat' dir='ltr'><strong>afflata</strong></span> 
     </span>
     <span class='ocr_line' id='line_1_4' title="bbox 191 435 991 502; baseline 0.003 -14"><span class='ocrx_word' id='word_1_19' title='bbox 191 437 380 491; x_wconf 86' lang='lat' dir='ltr'><strong>administrari</strong></span> <span class='ocrx_word' id='word_1_20' title='bbox 393 438 578 498; x_wconf 81' lang='lat' dir='ltr'><strong>certissimum</strong></span> <span class='ocrx_word' id='word_1_21' title='bbox 591 445 647 500; x_wconf 83' lang='lat' dir='ltr'><strong>est,</strong></span> <span class='ocrx_word' id='word_1_22' title='bbox 662 439 722 488; x_wconf 85' lang='lat' dir='ltr'><strong>eiua</strong></span> <span class='ocrx_word' id='word_1_23' title='bbox 737 443 767 490; x_wconf 88' lang='lat' dir='ltr'><strong>ut</strong></span> <span class='ocrx_word' id='word_1_24' title='bbox 781 435 869 487; x_wconf 88' lang='lat' dir='ltr'><strong>ceteri</strong></span> <span class='ocrx_word' id='word_1_25' title='bbox 879 449 991 502; x_wconf 80' lang='lat' dir='ltr'><strong>quoque</strong></span> 
     </span>
     <span class='ocr_line' id='line_1_5' title="bbox 189 503 990 572; baseline 0 -18"><span class='ocrx_word' id='word_1_26' title='bbox 189 505 329 572; x_wconf 78' lang='lat' dir='ltr'><strong>principes</strong></span> <span class='ocrx_word' id='word_1_27' title='bbox 348 505 540 557; x_wconf 74' lang='lat' dir='ltr'><strong>libentissimis</strong></span> <span class='ocrx_word' id='word_1_28' title='bbox 559 505 658 558; x_wconf 83' lang='lat' dir='ltr'><strong>animis</strong></span> <span class='ocrx_word' id='word_1_29' title='bbox 677 503 822 570; x_wconf 87' lang='lat' dir='ltr'><strong>imperium</strong></span> <span class='ocrx_word' id='word_1_30' title='bbox 841 503 990 570; x_wconf 81' lang='lat' dir='ltr'><strong>accipiant,</strong></span> 
     </span>
    </p>
   </div>
   <div class='ocr_carea' id='block_1_3' title="bbox 187 571 990 772">
    <p class='ocr_par' dir='ltr' id='par_1_3' title="bbox 187 571 990 772">
     <span class='ocr_line' id='line_1_6' title="bbox 190 571 990 687; baseline 0 -65"><span class='ocrx_word' id='word_1_31' title='bbox 190 571 386 622; x_wconf 81' lang='lat' dir='ltr'><strong>auctoritatem</strong></span> <span class='ocrx_word' id='word_1_32' title='bbox 400 578 567 640; x_wconf 77' lang='lat' dir='ltr'><strong>agnoscant,</strong></span> <span class='ocrx_word' id='word_1_33' title='bbox 577 572 656 639; x_wconf 82' lang='lat' dir='ltr'><strong>loges</strong></span> <span class='ocrx_word' id='word_1_34' title='bbox 667 573 827 632; x_wconf 78' lang='lat' dir='ltr'><strong>observent,</strong></span> <span class='ocrx_word' id='word_1_35' title='bbox 842 583 873 620; x_wconf 86' lang='lat' dir='ltr'><strong>se</strong></span> <span class='ocrx_word' id='word_1_36' title='bbox 884 583 990 687; x_wconf 72' lang='lat' dir='ltr'><strong>suaque</strong></span> 
     </span>
     <span class='ocr_line' id='line_1_7' title="bbox 190 637 990 704; baseline 0 -16"><span class='ocrx_word' id='word_1_37' title='bbox 190 639 284 688; x_wconf 90' lang='lat' dir='ltr'><strong>omnia</strong></span> <span class='ocrx_word' id='word_1_38' title='bbox 297 637 357 688; x_wconf 85' lang='lat' dir='ltr'><strong>eius</strong></span> <span class='ocrx_word' id='word_1_39' title='bbox 371 637 506 704; x_wconf 73' lang='lat' dir='ltr'><strong>potestati</strong></span> <span class='ocrx_word' id='word_1_40' title='bbox 519 638 631 690; x_wconf 86' lang='lat' dir='ltr'><strong>tradant</strong></span> <span class='ocrx_word' id='word_1_41' title='bbox 643 653 676 689; x_wconf 82' lang='lat' dir='ltr'><strong>ac</strong></span> <span class='ocrx_word' id='word_1_42' title='bbox 686 637 858 704; x_wconf 87' lang='lat' dir='ltr'><strong>permittant,</strong></span> <span class='ocrx_word' id='word_1_43' title='bbox 867 651 932 688; x_wconf 87' lang='lat' dir='ltr'><strong>eum</strong></span> <span class='ocrx_word' id='word_1_44' title='bbox 962 651 990 688; x_wconf 88' lang='lat' dir='ltr'><strong>e·</strong></span> 
     </span>
     <span class='ocr_line' id='line_1_8' title="bbox 187 703 990 772; baseline -0.001 -17"><span class='ocrx_word' id='word_1_45' title='bbox 187 705 283 770; x_wconf 85' lang='lat' dir='ltr'><strong>nique,</strong></span> <span class='ocrx_word' id='word_1_46' title='bbox 293 707 341 770; x_wconf 90' lang='lat' dir='ltr'><strong>qui</strong></span> <span class='ocrx_word' id='word_1_47' title='bbox 350 703 412 754; x_wconf 91' lang='lat' dir='ltr'><strong>Deo</strong></span> <span class='ocrx_word' id='word_1_48' title='bbox 422 708 541 756; x_wconf 83' lang='lat' dir='ltr'><strong>maxime</strong></span> <span class='ocrx_word' id='word_1_49' title='bbox 550 704 664 772; x_wconf 75' lang='lat' dir='ltr'><strong>placuit,</strong></span> <span class='ocrx_word' id='word_1_50' title='bbox 675 705 729 755; x_wconf 83' lang='lat' dir='ltr'><strong>sibi</strong></span> <span class='ocrx_word' id='word_1_51' title='bbox 740 717 850 771; x_wconf 91' lang='lat' dir='ltr'><strong>quoque</strong></span> <span class='ocrx_word' id='word_1_52' title='bbox 862 703 990 770; x_wconf 84' lang='lat' dir='ltr'><strong>gratissi·</strong></span> 
     </span>
    </p>
   </div>
   <div class='ocr_carea' id='block_1_4' title="bbox 79 769 989 839">
    <p class='ocr_par' dir='ltr' id='par_1_4' title="bbox 79 769 989 839">
     <span class='ocr_line' id='line_1_9' title="bbox 79 769 989 839; baseline -0.001 -17"><span class='ocrx_word' id='word_1_53' title='bbox 79 786 85 794; x_wconf 78' lang='grc'><strong>’</strong></span> <span class='ocrx_word' id='word_1_54' title='bbox 187 782 263 822; x_wconf 83' lang='lat' dir='ltr'><strong>mum</strong></span> <span class='ocrx_word' id='word_1_55' title='bbox 276 771 553 838; x_wconf 83' lang='lat' dir='ltr'><strong>acceptissimumque</strong></span> <span class='ocrx_word' id='word_1_56' title='bbox 572 785 634 823; x_wconf 83' lang='lat' dir='ltr'><strong>esse</strong></span> <span class='ocrx_word' id='word_1_57' title='bbox 651 772 842 839; x_wconf 84' lang='lat' dir='ltr'><strong>profiteantur.</strong></span> <span class='ocrx_word' id='word_1_58' title='bbox 878 769 934 822; x_wconf 86' lang='lat' dir='ltr'><strong>Sed</strong></span> <span class='ocrx_word' id='word_1_59' title='bbox 948 777 989 821; x_wconf 68' lang='lat' dir='ltr'><strong>ta»</strong></span> 
     </span>
    </p>
   </div>
   <div class='ocr_carea' id='block_1_5' title="bbox 183 836 1045 2373">
    <p class='ocr_par' dir='ltr' id='par_1_5' title="bbox 185 836 991 1222">
     <span class='ocr_line' id='line_1_10' title="bbox 185 836 989 904; baseline 0.002 -16"><span class='ocrx_word' id='word_1_60' title='bbox 185 849 251 888; x_wconf 87' lang='lat' dir='ltr'><strong>men</strong></span> <span class='ocrx_word' id='word_1_61' title='bbox 265 841 293 888; x_wconf 89' lang='lat' dir='ltr'><strong>et</strong></span> <span class='ocrx_word' id='word_1_62' title='bbox 307 836 392 904; x_wconf 85' lang='lat' dir='ltr'><strong>longe</strong></span> <span class='ocrx_word' id='word_1_63' title='bbox 405 838 462 889; x_wconf 88' lang='lat' dir='ltr'><strong>alia</strong></span> <span class='ocrx_word' id='word_1_64' title='bbox 475 839 525 889; x_wconf 89' lang='lat' dir='ltr'><strong>illa</strong></span> <span class='ocrx_word' id='word_1_65' title='bbox 538 845 583 892; x_wconf 85' lang='lat' dir='ltr'><strong>est</strong></span> <span class='ocrx_word' id='word_1_66' title='bbox 594 839 746 890; x_wconf 85' lang='lat' dir='ltr'><strong>animorum</strong></span> <span class='ocrx_word' id='word_1_67' title='bbox 762 836 905 902; x_wconf 83' lang='lat' dir='ltr'><strong>alacritas,</strong></span> <span class='ocrx_word' id='word_1_68' title='bbox 925 845 989 890; x_wconf 81' lang='lat' dir='ltr'><strong>outo</strong></span> 
     </span>
     <span class='ocr_line' id='line_1_11' title="bbox 187 899 990 972; baseline 0.002 -18"><span class='ocrx_word' id='word_1_69' title='bbox 187 899 315 954; x_wconf 87' lang='lat' dir='ltr'><strong>homines</strong></span> <span class='ocrx_word' id='word_1_70' title='bbox 326 918 401 967; x_wconf 89' lang='lat' dir='ltr'><strong>eum,</strong></span> <span class='ocrx_word' id='word_1_71' title='bbox 421 906 576 972; x_wconf 81' lang='lat' dir='ltr'><strong>quicunque</strong></span> <span class='ocrx_word' id='word_1_72' title='bbox 591 906 644 956; x_wconf 87' lang='lat' dir='ltr'><strong>sibi</strong></span> <span class='ocrx_word' id='word_1_73' title='bbox 658 912 752 959; x_wconf 88' lang='lat' dir='ltr'><strong>rector</strong></span> <span class='ocrx_word' id='word_1_74' title='bbox 766 905 897 956; x_wconf 85' lang='lat' dir='ltr'><strong>divinitus</strong></span> <span class='ocrx_word' id='word_1_75' title='bbox 908 903 990 956; x_wconf 80' lang='lat' dir='ltr'><strong>datus</strong></span> 
     </span>
     <span class='ocr_line' id='line_1_12' title="bbox 188 969 991 1040; baseline 0 -18"><span class='ocrx_word' id='word_1_76' title='bbox 188 975 246 1033; x_wconf 81' lang='lat' dir='ltr'><strong>est,</strong></span> <span class='ocrx_word' id='word_1_77' title='bbox 256 969 376 1022; x_wconf 86' lang='lat' dir='ltr'><strong>libenter</strong></span> <span class='ocrx_word' id='word_1_78' title='bbox 385 973 539 1040; x_wconf 89' lang='lat' dir='ltr'><strong>accipiunt;</strong></span> <span class='ocrx_word' id='word_1_79' title='bbox 556 973 625 1035; x_wconf 88' lang='lat' dir='ltr'><strong>alia,</strong></span> <span class='ocrx_word' id='word_1_80' title='bbox 635 987 711 1034; x_wconf 83' lang='lat' dir='ltr'><strong>cunr,</strong></span> <span class='ocrx_word' id='word_1_81' title='bbox 726 985 807 1039; x_wconf 87' lang='lat' dir='ltr'><strong>quem</strong></span> <span class='ocrx_word' id='word_1_82' title='bbox 816 971 991 1040; x_wconf 86' lang='lat' dir='ltr'><strong>semperipsi</strong></span> 
     </span>
     <span class='ocr_line' id='line_1_13' title="bbox 187 1039 989 1106; baseline 0.002 -16"><span class='ocrx_word' id='word_1_83' title='bbox 187 1049 351 1090; x_wconf 57' lang='lat' dir='ltr'><strong>cosmunere</strong></span> <span class='ocrx_word' id='word_1_84' title='bbox 365 1039 558 1106; x_wconf 80' lang='lat' dir='ltr'><strong>dignissimum</strong></span> <span class='ocrx_word' id='word_1_85' title='bbox 574 1040 742 1100; x_wconf 82' lang='lat' dir='ltr'><strong>iudicarant,</strong></span> <span class='ocrx_word' id='word_1_86' title='bbox 764 1052 899 1106; x_wconf 87' lang='lat' dir='ltr'><strong>quemque</strong></span> <span class='ocrx_word' id='word_1_87' title='bbox 918 1053 989 1092; x_wconf 78' lang='lat' dir='ltr'><strong>sens·</strong></span> 
     </span>
     <span class='ocr_line' id='line_1_14' title="bbox 187 1105 989 1222; baseline -0.001 -68"><span class='ocrx_word' id='word_1_88' title='bbox 187 1117 238 1222; x_wconf 63' lang='lat' dir='ltr'><strong>per</strong></span> <span class='ocrx_word' id='word_1_89' title='bbox 247 1109 309 1156; x_wconf 91' lang='lat' dir='ltr'><strong>toto</strong></span> <span class='ocrx_word' id='word_1_90' title='bbox 319 1113 433 1172; x_wconf 90' lang='lat' dir='ltr'><strong>pectore</strong></span> <span class='ocrx_word' id='word_1_91' title='bbox 445 1113 622 1174; x_wconf 85' lang='lat' dir='ltr'><strong>optaverant,</strong></span> <span class='ocrx_word' id='word_1_92' title='bbox 642 1121 704 1158; x_wconf 88' lang='lat' dir='ltr'><strong>eum</strong></span> <span class='ocrx_word' id='word_1_93' title='bbox 719 1106 812 1158; x_wconf 87' lang='lat' dir='ltr'><strong>divino</strong></span> <span class='ocrx_word' id='word_1_94' title='bbox 824 1119 933 1172; x_wconf 87' lang='lat' dir='ltr'><strong>quoque</strong></span> <span class='ocrx_word' id='word_1_95' title='bbox 947 1105 989 1168; x_wconf 75' lang='lat' dir='ltr'><strong>iu·</strong></span> 
     </span>
    </p>

    <p class='ocr_par' dir='ltr' id='par_1_6' title="bbox 183 1171 1045 2233">
     <span class='ocr_line' id='line_1_15' title="bbox 208 1171 989 1241; baseline 0.003 -21"><span class='ocrx_word' id='word_1_96' title='bbox 208 1171 263 1222; x_wconf 89' lang='lat' dir='ltr'><strong>ieio</strong></span> <span class='ocrx_word' id='word_1_97' title='bbox 274 1173 421 1240; x_wconf 82' lang='lat' dir='ltr'><strong>probatum</strong></span> <span class='ocrx_word' id='word_1_98' title='bbox 429 1175 536 1239; x_wconf 77' lang='lat' dir='ltr'><strong>vident3</strong></span> <span class='ocrx_word' id='word_1_99' title='bbox 547 1181 576 1226; x_wconf 89' lang='lat' dir='ltr'><strong>et</strong></span> <span class='ocrx_word' id='word_1_100' title='bbox 587 1188 740 1241; x_wconf 80' lang='lat' dir='ltr'><strong>quanquam</strong></span> <span class='ocrx_word' id='word_1_101' title='bbox 748 1174 869 1226; x_wconf 83' lang='lat' dir='ltr'><strong>omnium</strong></span> <span class='ocrx_word' id='word_1_102' title='bbox 879 1171 989 1240; x_wconf 73' lang='lat' dir='ltr'><strong>publice</strong></span> 
     </span>
     <span class='ocr_line' id='line_1_16' title="bbox 187 1237 989 1307; baseline 0 -17"><span class='ocrx_word' id='word_1_103' title='bbox 187 1237 319 1302; x_wconf 79' lang='lat' dir='ltr'><strong>luterest&#39;,</strong></span> <span class='ocrx_word' id='word_1_104' title='bbox 338 1241 429 1307; x_wconf 84' lang='lat' dir='ltr'><strong>qualis</strong></span> <span class='ocrx_word' id='word_1_105' title='bbox 445 1242 482 1293; x_wconf 86' lang='lat' dir='ltr'><strong>sit</strong></span> <span class='ocrx_word' id='word_1_106' title='bbox 496 1240 642 1304; x_wconf 76' lang='lat' dir='ltr'><strong>Pontifex,</strong></span> <span class='ocrx_word' id='word_1_107' title='bbox 661 1257 716 1292; x_wconf 91' lang='lat' dir='ltr'><strong>non</strong></span> <span class='ocrx_word' id='word_1_108' title='bbox 730 1247 876 1292; x_wconf 87' lang='lat' dir='ltr'><strong>esttamen</strong></span> <span class='ocrx_word' id='word_1_109' title='bbox 891 1240 989 1292; x_wconf 81' lang='lat' dir='ltr'><strong>obseu-</strong></span> 
     </span>
     <span class='ocr_line' id='line_1_17' title="bbox 187 1306 1045 1374; baseline -0.002 -16"><span class='ocrx_word' id='word_1_110' title='bbox 187 1317 262 1368; x_wconf 80' lang='lat' dir='ltr'><strong>rum,</strong></span> <span class='ocrx_word' id='word_1_111' title='bbox 283 1319 346 1357; x_wconf 85' lang='lat' dir='ltr'><strong>esse</strong></span> <span class='ocrx_word' id='word_1_112' title='bbox 358 1306 491 1374; x_wconf 87' lang='lat' dir='ltr'><strong>quosdam</strong></span> <span class='ocrx_word' id='word_1_113' title='bbox 503 1309 622 1374; x_wconf 87' lang='lat' dir='ltr'><strong>populos</strong></span> <span class='ocrx_word' id='word_1_114' title='bbox 636 1307 825 1374; x_wconf 85' lang='lat' dir='ltr'><strong>quosdamque</strong></span> <span class='ocrx_word' id='word_1_115' title='bbox 839 1307 990 1374; x_wconf 79' lang='lat' dir='ltr'><strong>principes,</strong></span> <span class='ocrx_word' id='word_1_116' title='bbox 1039 1335 1045 1345; x_wconf 93' lang='lat'><em>·</em></span> 
     </span>
     <span class='ocr_line' id='line_1_18' title="bbox 188 1373 990 1441; baseline 0.002 -19"><span class='ocrx_word' id='word_1_117' title='bbox 188 1385 307 1438; x_wconf 84' lang='lat' dir='ltr'><strong>quorum</strong></span> <span class='ocrx_word' id='word_1_118' title='bbox 317 1374 345 1424; x_wconf 89' lang='lat' dir='ltr'><strong>id</strong></span> <span class='ocrx_word' id='word_1_119' title='bbox 355 1376 482 1441; x_wconf 74' lang='lat' dir='ltr'><strong>privatim</strong></span> <span class='ocrx_word' id='word_1_120' title='bbox 497 1376 592 1425; x_wconf 87' lang='lat' dir='ltr'><strong>multis</strong></span> <span class='ocrx_word' id='word_1_121' title='bbox 608 1373 642 1424; x_wconf 86' lang='lat' dir='ltr'><strong>(le</strong></span> <span class='ocrx_word' id='word_1_122' title='bbox 655 1373 761 1424; x_wconf 85' lang='lat' dir='ltr'><strong>caussis</strong></span> <span class='ocrx_word' id='word_1_123' title='bbox 775 1375 895 1424; x_wconf 76' lang='lat' dir='ltr'><strong>niaxime</strong></span> <span class='ocrx_word' id='word_1_124' title='bbox 904 1374 990 1424; x_wconf 86' lang='lat' dir='ltr'><strong>iuter·</strong></span> 
     </span>
     <span class='ocr_line' id='line_1_19' title="bbox 188 1439 990 1507; baseline -0.002 -17"><span class='ocrx_word' id='word_1_125' title='bbox 188 1439 237 1490; x_wconf 82' lang='lat' dir='ltr'><strong>sit.</strong></span> <span class='ocrx_word' id='word_1_126' title='bbox 271 1439 314 1490; x_wconf 81' lang='lat' dir='ltr'><strong>Eu</strong></span> <span class='ocrx_word' id='word_1_127' title='bbox 327 1442 425 1507; x_wconf 86' lang='lat' dir='ltr'><strong>quibus</strong></span> <span class='ocrx_word' id='word_1_128' title='bbox 439 1447 470 1494; x_wconf 89' lang='lat' dir='ltr'><strong>ut</strong></span> <span class='ocrx_word' id='word_1_129' title='bbox 484 1457 568 1492; x_wconf 90' lang='lat' dir='ltr'><strong>unum</strong></span> <span class='ocrx_word' id='word_1_130' title='bbox 588 1453 650 1491; x_wconf 86' lang='lat' dir='ltr'><strong>esse</strong></span> <span class='ocrx_word' id='word_1_131' title='bbox 665 1439 810 1490; x_wconf 79' lang='lat' dir='ltr'><strong>Alionsum</strong></span> <span class='ocrx_word' id='word_1_132' title='bbox 828 1439 990 1501; x_wconf 81' lang='lat' dir='ltr'><strong>seeundum,</strong></span> 
     </span>
     <span class='ocr_line' id='line_1_20' title="bbox 187 1501 989 1570; baseline -0.001 -14"><span class='ocrx_word' id='word_1_133' title='bbox 187 1501 334 1558; x_wconf 78' lang='lat' dir='ltr'><strong>Ferrarius</strong></span> <span class='ocrx_word' id='word_1_134' title='bbox 346 1507 461 1569; x_wconf 87' lang='lat' dir='ltr'><strong>Ducem,</strong></span> <span class='ocrx_word' id='word_1_135' title='bbox 472 1521 568 1566; x_wconf 82' lang='lat' dir='ltr'><strong>omnes</strong></span> <span class='ocrx_word' id='word_1_136' title='bbox 580 1505 705 1557; x_wconf 80' lang='lat' dir='ltr'><strong>homines</strong></span> <span class='ocrx_word' id='word_1_137' title='bbox 715 1503 884 1568; x_wconf 78' lang='lat' dir='ltr'><strong>intelligant,</strong></span> <span class='ocrx_word' id='word_1_138' title='bbox 896 1516 989 1570; x_wconf 85' lang='lat' dir='ltr'><strong>noque</strong></span> 
     </span>
     <span class='ocr_line' id='line_1_21' title="bbox 188 1567 991 1639; baseline 0 -17"><span class='ocrx_word' id='word_1_139' title='bbox 188 1571 332 1639; x_wconf 78' lang='lat' dir='ltr'><strong>vulgarem</strong></span> <span class='ocrx_word' id='word_1_140' title='bbox 343 1573 418 1624; x_wconf 89' lang='lat' dir='ltr'><strong>illam</strong></span> <span class='ocrx_word' id='word_1_141' title='bbox 432 1579 481 1622; x_wconf 89' lang='lat' dir='ltr'><strong>aut</strong></span> <span class='ocrx_word' id='word_1_142' title='bbox 492 1572 661 1622; x_wconf 83' lang='lat' dir='ltr'><strong>mediocrem</strong></span> <span class='ocrx_word' id='word_1_143' title='bbox 672 1568 806 1619; x_wconf 87' lang='lat' dir='ltr'><strong>laetitiam</strong></span> <span class='ocrx_word' id='word_1_144' title='bbox 817 1567 919 1631; x_wconf 84' lang='lat' dir='ltr'><strong>fuisse,</strong></span> <span class='ocrx_word' id='word_1_145' title='bbox 934 1585 991 1639; x_wconf 86' lang='lat' dir='ltr'><strong>qua</strong></span> 
     </span>
     <span class='ocr_line' id='line_1_22' title="bbox 186 1634 989 1706; baseline 0.002 -16"><span class='ocrx_word' id='word_1_146' title='bbox 186 1637 248 1704; x_wconf 88' lang='lat' dir='ltr'><strong>ipse</strong></span> <span class='ocrx_word' id='word_1_147' title='bbox 267 1645 382 1704; x_wconf 87' lang='lat' dir='ltr'><strong>accepto</strong></span> <span class='ocrx_word' id='word_1_148' title='bbox 403 1635 586 1688; x_wconf 73' lang='lat' dir='ltr'><strong>Pontificatum</strong></span> <span class='ocrx_word' id='word_1_149' title='bbox 604 1636 645 1684; x_wconf 87' lang='lat' dir='ltr'><strong>tui</strong></span> <span class='ocrx_word' id='word_1_150' title='bbox 665 1634 766 1684; x_wconf 86' lang='lat' dir='ltr'><strong>nuncio</strong></span> <span class='ocrx_word' id='word_1_151' title='bbox 785 1634 914 1703; x_wconf 81' lang='lat' dir='ltr'><strong>perinsus</strong></span> <span class='ocrx_word' id='word_1_152' title='bbox 934 1646 989 1706; x_wconf 81' lang='lat' dir='ltr'><strong>est,</strong></span> 
     </span>
     <span class='ocr_line' id='line_1_23' title="bbox 186 1700 988 1774; baseline -0.007 -16"><span class='ocrx_word' id='word_1_153' title='bbox 186 1705 271 1774; x_wconf 83' lang='lat' dir='ltr'><strong>idque</strong></span> <span class='ocrx_word' id='word_1_154' title='bbox 282 1719 316 1756; x_wconf 89' lang='lat' dir='ltr'><strong>eo</strong></span> <span class='ocrx_word' id='word_1_155' title='bbox 327 1705 396 1766; x_wconf 87' lang='lat' dir='ltr'><strong>dici,</strong></span> <span class='ocrx_word' id='word_1_156' title='bbox 407 1717 461 1753; x_wconf 92' lang='lat' dir='ltr'><strong>non</strong></span> <span class='ocrx_word' id='word_1_157' title='bbox 472 1703 546 1766; x_wconf 89' lang='lat' dir='ltr'><strong>quod</strong></span> <span class='ocrx_word' id='word_1_158' title='bbox 555 1703 597 1750; x_wconf 87' lang='lat' dir='ltr'><strong>ita</strong></span> <span class='ocrx_word' id='word_1_159' title='bbox 605 1700 661 1751; x_wconf 86' lang='lat' dir='ltr'><strong>dici</strong></span> <span class='ocrx_word' id='word_1_160' title='bbox 671 1700 774 1764; x_wconf 88' lang='lat' dir='ltr'><strong>soleat,</strong></span> <span class='ocrx_word' id='word_1_161' title='bbox 789 1702 839 1754; x_wconf 85' lang='lat' dir='ltr'><strong>sed</strong></span> <span class='ocrx_word' id='word_1_162' title='bbox 852 1704 928 1770; x_wconf 87' lang='lat' dir='ltr'><strong>quod</strong></span> <span class='ocrx_word' id='word_1_163' title='bbox 943 1722 988 1758; x_wconf 82' lang='lat' dir='ltr'><strong>ve.</strong></span> 
     </span>
     <span class='ocr_line' id='line_1_24' title="bbox 186 1767 987 1833; baseline 0.005 -11"><span class='ocrx_word' id='word_1_164' title='bbox 186 1771 383 1823; x_wconf 84' lang='lat' dir='ltr'><strong>rissimumsit:</strong></span> <span class='ocrx_word' id='word_1_165' title='bbox 403 1768 549 1829; x_wconf 81' lang='lat' dir='ltr'><strong>constitui,</strong></span> <span class='ocrx_word' id='word_1_166' title='bbox 568 1768 652 1832; x_wconf 83' lang='lat' dir='ltr'><strong>siper</strong></span> <span class='ocrx_word' id='word_1_167' title='bbox 665 1776 692 1818; x_wconf 87' lang='lat' dir='ltr'><strong>te</strong></span> <span class='ocrx_word' id='word_1_168' title='bbox 707 1767 805 1833; x_wconf 86' lang='lat' dir='ltr'><strong>liceat,</strong></span> <span class='ocrx_word' id='word_1_169' title='bbox 824 1770 987 1826; x_wconf 83' lang='lat' dir='ltr'><strong>beatissimo</strong></span> 
     </span>
     <span class='ocr_line' id='line_1_25' title="bbox 187 1833 987 1902; baseline 0.008 -16"><span class='ocrx_word' id='word_1_170' title='bbox 187 1835 283 1900; x_wconf 72' lang='lat' dir='ltr'><strong>Pater,</strong></span> <span class='ocrx_word' id='word_1_171' title='bbox 303 1835 420 1902; x_wconf 84' lang='lat' dir='ltr'><strong>primum</strong></span> <span class='ocrx_word' id='word_1_172' title='bbox 433 1833 544 1899; x_wconf 85' lang='lat' dir='ltr'><strong>quidem</strong></span> <span class='ocrx_word' id='word_1_173' title='bbox 556 1833 679 1886; x_wconf 86' lang='lat' dir='ltr'><strong>breviter·</strong></span> <span class='ocrx_word' id='word_1_174' title='bbox 695 1849 854 1902; x_wconf 81' lang='lat' dir='ltr'><strong>exponere,</strong></span> <span class='ocrx_word' id='word_1_175' title='bbox 871 1855 920 1890; x_wconf 87' lang='lat' dir='ltr'><strong>cur</strong></span> <span class='ocrx_word' id='word_1_176' title='bbox 933 1840 987 1893; x_wconf 87' lang='lat' dir='ltr'><strong>tibi</strong></span> 
     </span>
     <span class='ocr_line' id='line_1_26' title="bbox 185 1901 985 1971; baseline 0.008 -18"><span class='ocrx_word' id='word_1_177' title='bbox 185 1903 361 1971; x_wconf 85' lang='lat' dir='ltr'><strong>potissimum</strong></span> <span class='ocrx_word' id='word_1_178' title='bbox 369 1901 437 1951; x_wconf 92' lang='lat' dir='ltr'><strong>boni</strong></span> <span class='ocrx_word' id='word_1_179' title='bbox 448 1915 544 1953; x_wconf 87' lang='lat' dir='ltr'><strong>onmes</strong></span> <span class='ocrx_word' id='word_1_180' title='bbox 558 1903 748 1954; x_wconf 83' lang='lat' dir='ltr'><strong>consmunibus</strong></span> <span class='ocrx_word' id='word_1_181' title='bbox 759 1907 833 1958; x_wconf 87' lang='lat' dir='ltr'><strong>votis</strong></span> <span class='ocrx_word' id='word_1_182' title='bbox 842 1907 926 1960; x_wconf 88' lang='lat' dir='ltr'><strong>istum</strong></span> <span class='ocrx_word' id='word_1_183' title='bbox 936 1905 985 1959; x_wconf 84' lang='lat' dir='ltr'><strong>bo·</strong></span> 
     </span>
     <span class='ocr_line' id='line_1_27' title="bbox 185 1967 984 2040; baseline 0.011 -22"><span class='ocrx_word' id='word_1_184' title='bbox 185 1982 282 2022; x_wconf 86' lang='lat' dir='ltr'><strong>uorem</strong></span> <span class='ocrx_word' id='word_1_185' title='bbox 300 1967 425 2018; x_wconf 83' lang='lat' dir='ltr'><strong>nsandan&#39;</strong></span> <span class='ocrx_word' id='word_1_186' title='bbox 444 1973 473 2019; x_wconf 89' lang='lat' dir='ltr'><strong>et</strong></span> <span class='ocrx_word' id='word_1_187' title='bbox 492 1969 649 2035; x_wconf 80' lang='lat' dir='ltr'><strong>optaverint</strong></span> <span class='ocrx_word' id='word_1_188' title='bbox 668 1977 697 2022; x_wconf 86' lang='lat' dir='ltr'><strong>et</strong></span> <span class='ocrx_word' id='word_1_189' title='bbox 711 1978 808 2037; x_wconf 87' lang='lat' dir='ltr'><strong>optare</strong></span> <span class='ocrx_word' id='word_1_190' title='bbox 825 1973 984 2040; x_wconf 65' lang='lat' dir='ltr'><strong>dehuel-ints</strong></span> 
     </span>
     <span class='ocr_line' id='line_1_28' title="bbox 185 2033 984 2102; baseline 0.008 -16"><span class='ocrx_word' id='word_1_191' title='bbox 185 2033 287 2086; x_wconf 79' lang='lat' dir='ltr'><strong>deinde</strong></span> <span class='ocrx_word' id='word_1_192' title='bbox 300 2047 366 2085; x_wconf 79' lang='lat' dir='ltr'><strong>vero</strong></span> <span class='ocrx_word' id='word_1_193' title='bbox 382 2050 450 2101; x_wconf 84' lang='lat' dir='ltr'><strong>quas</strong></span> <span class='ocrx_word' id='word_1_194' title='bbox 461 2040 590 2102; x_wconf 70' lang='lat' dir='ltr'><strong>priumirn</strong></span> <span class='ocrx_word' id='word_1_195' title='bbox 605 2053 719 2090; x_wconf 83' lang='lat' dir='ltr'><strong>caussas</strong></span> <span class='ocrx_word' id='word_1_196' title='bbox 730 2039 862 2094; x_wconf 80' lang='lat' dir='ltr'><strong>Allonsua</strong></span> <span class='ocrx_word' id='word_1_197' title='bbox 881 2039 984 2092; x_wconf 83' lang='lat' dir='ltr'><strong>baboe-</strong></span> 
     </span>
     <span class='ocr_line' id='line_1_29' title="bbox 184 2101 984 2218; baseline 0.008 -66"><span class='ocrx_word' id='word_1_198' title='bbox 184 2101 232 2217; x_wconf 71' lang='lat' dir='ltr'><strong>riti</strong></span> <span class='ocrx_word' id='word_1_199' title='bbox 242 2107 357 2218; x_wconf 61' lang='lat' dir='ltr'><strong>prtoptor</strong></span> <span class='ocrx_word' id='word_1_200' title='bbox 366 2105 573 2171; x_wconf 82' lang='lat' dir='ltr'><strong>qusseximisn</strong></span> <span class='ocrx_word' id='word_1_201' title='bbox 583 2107 719 2175; x_wconf 84' lang='lat' dir='ltr'><strong>quandam</strong></span> <span class='ocrx_word' id='word_1_202' title='bbox 733 2121 768 2160; x_wconf 83' lang='lat' dir='ltr'><strong>ex</strong></span> <span class='ocrx_word' id='word_1_203' title='bbox 780 2123 814 2160; x_wconf 90' lang='lat' dir='ltr'><strong>eo</strong></span> <span class='ocrx_word' id='word_1_204' title='bbox 824 2108 984 2174; x_wconf 78' lang='lat' dir='ltr'><strong>perceperit</strong></span> 
     </span>
     <span class='ocr_line' id='line_1_30' title="bbox 183 2177 363 2233; baseline 0.022 -15"><span class='ocrx_word' id='word_1_205' title='bbox 183 2177 219 2218; x_wconf 75' lang='lat' dir='ltr'><strong>vo</strong></span> <span class='ocrx_word' id='word_1_206' title='bbox 234 2182 268 2233; x_wconf 89' lang='lat' dir='ltr'><strong>up</strong></span> <span class='ocrx_word' id='word_1_207' title='bbox 282 2178 363 2222; x_wconf 86' lang='lat' dir='ltr'><strong>atem.</strong></span> 
     </span>
    </p>

    <p class='ocr_par' dir='ltr' id='par_1_7' title="bbox 184 2234 984 2373">
     <span class='ocr_line' id='line_1_31' title="bbox 218 2234 984 2308; baseline 0.014 -23"><span class='ocrx_word' id='word_1_208' title='bbox 218 2234 275 2286; x_wconf 82' lang='lat' dir='ltr'><strong>Sed</strong></span> <span class='ocrx_word' id='word_1_209' title='bbox 288 2238 418 2303; x_wconf 80' lang='lat' dir='ltr'><strong>quoniam</strong></span> <span class='ocrx_word' id='word_1_210' title='bbox 429 2238 508 2304; x_wconf 86' lang='lat' dir='ltr'><strong>prior</strong></span> <span class='ocrx_word' id='word_1_211' title='bbox 521 2241 657 2292; x_wconf 84' lang='lat' dir='ltr'><strong>orationis</strong></span> <span class='ocrx_word' id='word_1_212' title='bbox 670 2255 749 2292; x_wconf 83' lang='lat' dir='ltr'><strong>meae</strong></span> <span class='ocrx_word' id='word_1_213' title='bbox 767 2255 831 2308; x_wconf 81' lang='lat' dir='ltr'><strong>pars</strong></span> <span class='ocrx_word' id='word_1_214' title='bbox 846 2240 984 2307; x_wconf 84' lang='lat' dir='ltr'><strong>explicari</strong></span> 
     </span>
     <span class='ocr_line' id='line_1_32' title="bbox 184 2300 982 2373; baseline 0.014 -19"><span class='ocrx_word' id='word_1_215' title='bbox 184 2300 267 2355; x_wconf 74' lang='lat' dir='ltr'><strong>aliter</strong></span> <span class='ocrx_word' id='word_1_216' title='bbox 279 2318 335 2354; x_wconf 87' lang='lat' dir='ltr'><strong>nou</strong></span> <span class='ocrx_word' id='word_1_217' title='bbox 347 2312 454 2373; x_wconf 86' lang='lat' dir='ltr'><strong>potest,</strong></span> <span class='ocrx_word' id='word_1_218' title='bbox 473 2307 570 2373; x_wconf 61' lang='lat' dir='ltr'><strong>quim)</strong></span> <span class='ocrx_word' id='word_1_219' title='bbox 585 2308 619 2360; x_wconf 85' lang='lat' dir='ltr'><strong>de</strong></span> <span class='ocrx_word' id='word_1_220' title='bbox 633 2309 688 2360; x_wconf 79' lang='lat' dir='ltr'><strong>tuis</strong></span> <span class='ocrx_word' id='word_1_221' title='bbox 703 2308 831 2366; x_wconf 68' lang='lat' dir='ltr'><strong>laudibus</strong></span> <span class='ocrx_word' id='word_1_222' title='bbox 846 2311 982 2366; x_wconf 75' lang='lat' dir='ltr'><strong>nonnulla</strong></span> 
     </span>
    </p>
   </div>
   <div class='ocr_carea' id='block_1_6' title="bbox 182 2433 980 2771">
    <p class='ocr_par' dir='ltr' id='par_1_8' title="bbox 182 2433 980 2771">
     <span class='ocr_line' id='line_1_33' title="bbox 209 2433 979 2497; baseline 0.012 -17"><span class='ocrx_word' id='word_1_223' title='bbox 209 2433 231 2492; x_wconf 84' lang='lat'><strong>¹)</strong></span> <span class='ocrx_word' id='word_1_224' title='bbox 247 2436 313 2484; x_wconf 83' lang='lat' dir='ltr'><strong>Licet</strong></span> <span class='ocrx_word' id='word_1_225' title='bbox 331 2440 452 2494; x_wconf 77' lang='lat' dir='ltr'><strong>aruspicari,</strong></span> <span class='ocrx_word' id='word_1_226' title='bbox 472 2439 586 2482; x_wconf 79' lang='lat' dir='ltr'><strong>Marcium</strong></span> <span class='ocrx_word' id='word_1_227' title='bbox 602 2439 658 2495; x_wconf 80' lang='lat' dir='ltr'><strong>quin</strong></span> <span class='ocrx_word' id='word_1_228' title='bbox 675 2453 717 2494; x_wconf 82' lang='lat' dir='ltr'><strong>pro</strong></span> <span class='ocrx_word' id='word_1_229' title='bbox 736 2437 786 2490; x_wconf 75' lang='lat' dir='ltr'><strong>nsii,</strong></span> <span class='ocrx_word' id='word_1_230' title='bbox 804 2441 889 2490; x_wconf 56' lang='lat' dir='ltr'><strong>omisso,</strong></span> <span class='ocrx_word' id='word_1_231' title='bbox 903 2442 979 2497; x_wconf 74' lang='lat' dir='ltr'><strong>aliter,</strong></span> 
     </span>
     <span class='ocr_line' id='line_1_34' title="bbox 183 2493 980 2556; baseline 0.009 -20"><span class='ocrx_word' id='word_1_232' title='bbox 183 2494 322 2538; x_wconf 69' lang='lat' dir='ltr'><strong>scribentem</strong></span> <span class='ocrx_word' id='word_1_233' title='bbox 342 2497 462 2552; x_wconf 79' lang='lat' dir='ltr'><strong>uieceptnnr</strong></span> <span class='ocrx_word' id='word_1_234' title='bbox 480 2507 531 2537; x_wconf 81' lang='lat' dir='ltr'><strong>esse</strong></span> <span class='ocrx_word' id='word_1_235' title='bbox 550 2509 620 2549; x_wconf 81' lang='lat' dir='ltr'><strong>prava</strong></span> <span class='ocrx_word' id='word_1_236' title='bbox 640 2497 787 2539; x_wconf 75' lang='lat' dir='ltr'><strong>distinctions</strong></span> <span class='ocrx_word' id='word_1_237' title='bbox 805 2493 850 2540; x_wconf 83' lang='lat' dir='ltr'><strong>loci</strong></span> <span class='ocrx_word' id='word_1_238' title='bbox 871 2500 919 2542; x_wconf 82' lang='lat' dir='ltr'><strong>Cic.</strong></span> <span class='ocrx_word' id='word_1_239' title='bbox 938 2514 980 2556; x_wconf 83' lang='lat' dir='ltr'><strong>pro</strong></span> 
     </span>
     <span class='ocr_line' id='line_1_35' title="bbox 183 2545 980 2608; baseline 0.01 -16"><span class='ocrx_word' id='word_1_240' title='bbox 183 2545 293 2606; x_wconf 77' lang='lat' dir='ltr'><strong>illileap.</strong></span> <span class='ocrx_word' id='word_1_241' title='bbox 303 2557 337 2596; x_wconf 75' lang='lat'><strong>24.</strong></span> <span class='ocrx_word' id='word_1_242' title='bbox 353 2549 372 2604; x_wconf 60' lang='grc' dir='ltr'><strong>ᾖ.</strong></span> <span class='ocrx_word' id='word_1_243' title='bbox 386 2554 421 2594; x_wconf 73' lang='lat' dir='ltr'><strong>ob.</strong></span> <span class='ocrx_word' id='word_1_244' title='bbox 434 2563 506 2605; x_wconf 82' lang='lat' dir='ltr'><strong>neque</strong></span> <span class='ocrx_word' id='word_1_245' title='bbox 521 2549 588 2594; x_wconf 82' lang='lat' dir='ltr'><strong>alitor</strong></span> <span class='ocrx_word' id='word_1_246' title='bbox 601 2551 676 2594; x_wconf 73' lang='lat' dir='ltr'><strong>iecere</strong></span> <span class='ocrx_word' id='word_1_247' title='bbox 691 2553 786 2606; x_wconf 78' lang='lat' dir='ltr'><strong>possunt</strong></span> <span class='ocrx_word' id='word_1_248' title='bbox 795 2551 823 2602; x_wconf 89' lang='lat' dir='ltr'><strong>ii,</strong></span> <span class='ocrx_word' id='word_1_249' title='bbox 838 2556 919 2608; x_wconf 85' lang='lat' dir='ltr'><strong>quibus</strong></span> <span class='ocrx_word' id='word_1_250' title='bbox 931 2559 980 2601; x_wconf 76' lang='lat' dir='ltr'><strong>tots</strong></span> 
     </span>
     <span class='ocr_line' id='line_1_36' title="bbox 183 2606 980 2666; baseline 0.014 -21"><span class='ocrx_word' id='word_1_251' title='bbox 183 2608 301 2650; x_wconf 74' lang='lat' dir='ltr'><strong>commissa</strong></span> <span class='ocrx_word' id='word_1_252' title='bbox 315 2610 351 2649; x_wconf 82' lang='lat' dir='ltr'><strong>ert</strong></span> <span class='ocrx_word' id='word_1_253' title='bbox 364 2606 504 2662; x_wconf 67' lang='lat' dir='ltr'><strong>respublica,</strong></span> <span class='ocrx_word' id='word_1_254' title='bbox 524 2606 579 2664; x_wconf 68' lang='lat' dir='ltr'><strong>quin</strong></span> <span class='ocrx_word' id='word_1_255' title='bbox 595 2608 662 2650; x_wconf 76' lang='lat' dir='ltr'><strong>etiem</strong></span> <span class='ocrx_word' id='word_1_256' title='bbox 671 2607 796 2650; x_wconf 75' lang='lat' dir='ltr'><strong>audientius</strong></span> <span class='ocrx_word' id='word_1_257' title='bbox 810 2610 980 2666; x_wconf 70' lang='lat' dir='ltr'><strong>sit&#39;popsbici·</strong></span> 
     </span>
     <span class='ocr_line' id='line_1_37' title="bbox 182 2659 979 2724; baseline 0.008 -18"><span class='ocrx_word' id='word_1_258' title='bbox 182 2659 241 2706; x_wconf 76' lang='lat' dir='ltr'><strong>aior.</strong></span> <span class='ocrx_word' id='word_1_259' title='bbox 252 2665 292 2706; x_wconf 77' lang='lat' dir='ltr'><strong>uisi</strong></span> <span class='ocrx_word' id='word_1_260' title='bbox 300 2675 360 2706; x_wconf 85' lang='lat' dir='ltr'><strong>nuno</strong></span> <span class='ocrx_word' id='word_1_261' title='bbox 369 2665 453 2706; x_wconf 77' lang='lat' dir='ltr'><strong>rectius</strong></span> <span class='ocrx_word' id='word_1_262' title='bbox 463 2660 553 2706; x_wconf 87' lang='lat' dir='ltr'><strong>iubune</strong></span> <span class='ocrx_word' id='word_1_263' title='bbox 563 2664 710 2716; x_wconf 72' lang='lat' dir='ltr'><strong>distinguitur</strong></span> <span class='ocrx_word' id='word_1_264' title='bbox 715 2665 814 2709; x_wconf 72' lang='lat' dir='ltr'><strong>mutiunt</strong></span> <span class='ocrx_word' id='word_1_265' title='bbox 823 2679 979 2724; x_wconf 75' lang='lat' dir='ltr'><strong>nequo-m·</strong></span> 
     </span>
     <span class='ocr_line' id='line_1_38' title="bbox 183 2717 718 2771; baseline 0.007 -11"><span class='ocrx_word' id='word_1_266' title='bbox 183 2717 286 2771; x_wconf 77' lang='lat' dir='ltr'><strong>publiea.</strong></span> <span class='ocrx_word' id='word_1_267' title='bbox 314 2719 718 2770; x_wconf 50' lang='lat' dir='ltr'><strong>&amp;heautontimorumeno</strong></span> 
     </span>
    </p>
   </div>
   <div class='ocr_carea' id='block_1_7' title="bbox 0 0 1082 3008">
    <p class='ocr_par' dir='ltr' id='par_1_9' title="bbox 0 0 1082 3008">
     <span class='ocr_line' id='line_1_39' title="bbox 0 0 1082 3008; baseline 0 3"><span class='ocrx_word' id='word_1_268' title='bbox 0 0 1082 3008; x_wconf 95' lang='lat' dir='ltr'><strong> </strong></span> 
     </span>
    </p>
   </div>
  </div>
 </body>
</html>
