2156 3008
122 153 134 172 ν
164 131 215 185 120
467 129 616 184 ORATIO
634 127 670 183 X.

162 233 234 286 atius
244 237 292 284 aut
301 233 412 288 suarius
421 237 469 284 aut
476 231 647 283 fructuosius
662 230 802 283 collocare
816 232 965 300 poteritis!

164 301 237 364 Quid
248 301 319 352 enirn
331 307 385 362 est,
405 314 459 366 quo
475 299 619 365 qnisquam
633 299 782 362 obiectari,
802 315 856 366 quo
873 301 908 352 ad
922 303 968 353 di..

162 367 295 420 coendum
313 367 425 418 invitari
442 372 473 415 at
493 379 527 415 uo
545 365 622 420 aiiioi
640 367 743 432 possit,
762 367 840 418 ouius
858 383 915 418 non
933 371 963 422 in

162 435 240 486 hisee
269 433 437 502 quotidianis
454 381 702 498 „disputationibus
728 434 832 493 nostris
854 437 965 500 copiam

124 512 127 518 '
161 503 285 570 reperire
300 500 419 568 aliquam
433 495 532 550 liceat!
546 500 611 563 Est,
625 513 706 618 quem
716 500 861 552 arduarum
871 515 968 554 rerum

162 577 192 620 et
209 573 407 618 remotarum-a
422 568 676 634 cognitionevugi
691 575 819 618 accurata
831 571 963 621 tractatio

138 634 141 652 ¹
162 633 270 700 capiat!
287 633 368 684 Talia
378 633 458 684 nobis
473 634 591 699 piurima·
600 635 630 685 in
644 635 729 685 animi
740 635 865 700 partibus
880 650 963 688 excu-

161 701 276 762 tiendis,
295 701 323 750 in
337 700 481 766 principiis
496 699 675 752 humanarum
685 703 825 752 actionum
835 703 964 754 evolven-

163 767 221 829 dis,
234 767 263 817 in
272 767 467 834 patefacienda
477 769 631 833 sapientiae
650 769 839 836 scientiaeque
854 775 963 832 natura,

158 833 322 904 ,peccasario
351 834 497 884 tractanda
519 841 607 885 erunt.
641 833 809 902 Estbquem
832 843 961 887 nontam

162 900 249 952 ardua
264 907 293 952 et
305 901 435 953 sublimia
448 917 529 968 quam
543 902 572 951 in
583 899 749 969 'quotidiano
762 919 815 954 usu
828 903 921 969 posita
934 909 964 953 et

162 967 200 1038 ad
224 967 425 1020 instituendam
451 969 536 1019 ritem
568 971 777 1020 accommodata
805 969 963 1020 delectenti

161 1035 324 1094 Utilissimis
339 1037 373 1087 ad
387 1037 471 1086 vitam
484 1037 640 1102 praeceptis
657 1051 737 1087 aures
748 1049 848 1088 eorum·
857 1037 904 1104 qui
917 1046 961 1087 me

163 1103 277 1156 audient
291 1103 416 1172 quotidie
428 1102 623 1168 personabunt.
658 1104 721 1166 Est,
735 1105 780 1154 cui
790 1103 962 1171 antiquitatis

164 1172 287 1276 aequitio
299 1178 327 1223 et
340 1171 443 1222 veteris
453 1168 588 1221 historiae
601 1172 826 1222 commemoratio
844 1169 965 1221 iucunda

163 1239 214 1294 sit
230 1239 265 1290 At
278 1253 330 1290 nos
343 1239 454 1305 quidem
470 1237 608 1305 scitisvix
620 1237 705 1288 ulium
718 1243 896 1302 praeceptum
908 1244 964 1286 tra·
981 1260 984 1265 ·

163 1307 230 1358 dere
249 1306 350 1359 solitos
370 1318 445 1366 esse,
464 1303 530 1369 'quin
545 1304 572 1352 ei
584 1303 748 1353 illustrando
767 1302 914 1366 repetitam
928 1316 966 1354 ox

164 1372 273 1425 Graeca
282 1373 467 1438 (Romanaque
481 1363 599 1418 historia
611 1367 797 1432 exemplorum
812 1367 901 1414 iucem
915 1369 963 1416 ad·
1020 1406 1023 1410 .

163 1439 316 1495 hibeamus.
344 1438 493 1488 Poetarum
502 1433 574 1483 alius
584 1434 751 1483 amoenitate
763 1428 887 1479 ducituri
901 1427 962 1481 Nos
1004 1482 1007 1488 ,

163 1521 230 1558 vero
242 1519 276 1555 ex
292 1505 402 1568 optimis
413 1501 555 1564 utriusque
568 1497 678 1562 linguae
692 1496 782 1560 poetis
795 1493 963 1562 pulcerrima

163 1569 559 1642 quaequelibantes‚perpetuo
570 1561 770 1625 disputationes
780 1563 890 1612 nostras
901 1563 962 1628 eius¹

164 1637 243 1708 quasi
256 1634 323 1685 salis
335 1643 495 1696 aspcrsrone
507 1626 658 1677 condimus.
694 1627 827 1678 Graecam
838 1627 963 1696 linguam

164 1707 238 1756 emat
256 1699 372 1764 aliquist
388 1693 565 1745 Aristotelem
584 1691 629 1743 hic
651 1695 776 1760 quotidie
800 1709 901 1762 graece
920 1698 961 1750 io·

73 1789 74 1794 '
164 1757 962 1891 i'‘timiditatiitiiiiiiitiiititdr

96 1959 103 1966 N
163 1847 297 1954 fflssiffnus
311 1913 362 1947 nos
371 1893 483 2012 lquidem
493 1909 619 1961 operam,
629 1904 662 1949 ut
673 1911 708 1950 ex
721 1847 831 1966 optimis
845 1898 961 1950 Graecis

162 1967 219 2022 non
236 1967 357 2032 pessima
388 1962 635 2028 *atina'iaciamum
651 1974 705 2016 neu
720 1968 781 2034 quis
793 1966 899 2017 anobis
915 1981 960 2017 au·

164 2033 286 2095 diendis,
302 2037 433 2098 tanquam
446 2031 476 2080 in
489 2030 574 2084 iatine
589 2032 729 2099 loquendo
744 2034 882 2088 nonsatis
899 2032 961 2083 dili·

164 2099 306 2170 gentibus,
320 2100 516 2160 absterreretur.
552 2099 724 2170 Omninoque
738 2103 893 2169 quicunque
902 2105 961 2150 tan-

162 2164 962 2236 tuinhucaninrorumalacritatemtantamquediscendicu·

164 2234 309 2306 piditatem
318 2235 453 2298 adferent,
462 2240 589 2302 quantam
602 2249 654 2302 ego
662 2235 907 2301 rerumoptimarm
917 2247 962 2284 re-

163 2305 292 2354 rietatem
303 2310 332 2355 et
339 2309 467 2370 quantum
478 2302 622 2368 perspicue
632 2301 751 2353 docendi
758 2301 877 2352 studium
886 2299 962 2354 adie-

165 2365 964 2436 ram‚iaxo,nunquameisveniatinmentem,qooddoeen-

166 2437 267 2491 timiiri
277 2440 416 2492 assiduam
428 2451 540 2502 operam
551 2436 687 2498 dederint
696 2439 849 2504 poenitere.
867 2449 944 2488 ⁰111.

196 2521 217 2576 ·)
234 2522 283 2566 cic.
293 2523 364 2567 Acrd.
374 2522 443 2578 prior.
454 2518 486 2564 11.
497 2523 530 2564 tt.
540 2531 576 2576 pr.
582 2519 672 2576 liunus
681 2517 792 2566 orationis
801 2513 964 2578 arreumfra‘ri

170 2579 221 2622 aesc
230 2577 374 2624 Aristotelen.

457 2657 668 2677 Μ
