2146 3008
355 153 518 206 oanrro
535 151 617 207 xrx.
841 154 889 207 ree
924 224 926 236 Ι
968 163 971 168 ’

65 285 69 295 ‹
90 255 279 326 gustissintum
295 256 428 324 templum
441 254 600 323 frequentia
613 253 753 308 bominum
769 258 890 324 comple·

91 323 174 386 verit,
188 323 277 374 vides:
296 323 343 388 qui
358 337 453 374 omnes
468 337 501 376 ec
517 323 609 376 animo
623 321 676 373 buc
692 329 889 388 convenerunt,

90 397 120 444 ut
132 388 243 442 Christo
254 387 317 440 lesu
326 390 426 442 victori
437 396 466 440 et
476 390 655 442 victoriarum
666 389 769 452 datori,
783 397 815 440 ut
825 391 889 442 bea·

88 459 214 510 tissimae
226 456 340 524 virgini,
353 463 384 508 ut
393 458 495 508 ceteris
507 457 669 518 coelitibus,
688 471 804 524 quorum
814 451 907 510 auxi-⁹

90 526 130 577 lio
152 523 223 576 baruc
240 525 464 576 victoriamsine
480 525 540 576 ulla
558 525 732 576 dubitatione
747 531 890 590 acceptam

89 591 165 643 ferre
176 590 318 654 debemus,
330 598 388 642 tum
397 599 511 659 propter
519 591 598 643 iosos
613 607 646 644 ac
657 590 771 660 fugatos
782 590 889 655 hostes,

88 667 149 711 tum
160 666 274 725 propter
285 665 314 710 te
326 659 431 715 salvum
445 675 478 711 ac
491 659 625 726 sospitem
637 659 666 710 in
679 660 795 726 patriam
809 659 889 711 redu·
940 673 945 680 ·

10 755 11 764 1
90 734 178 788 ctum,
188 726 242 776 rite
252 739 284 776 ac
293 727 339 794 pie
347 732 395 789 ‚iii
406 727 519 788 debent,
531 727 635 792 gratias
646 729 741 792 agant.⁸
772 727 890 779 Beatum

89 802 118 845 te
126 804 136 856 ς
145 793 302 854 Minium,
311 799 426 860 propter
435 794 512 844 cuius
523 800 552 842 et
562 792 688 844 abeuntis
698 793 851 860 periculum
861 799 891 854 et

88 861 232 913 redeuntis
247 849 365 925 saiutem
379 859 483 926 templa
497 859 678 923 complentur.
712 859 890 912 Meminimus

92 925 891 1044 omnes,superioribusmensibus,teadbeilumffiofecto,

93 1008 163 1073 qaue
180 999 240 1046 totu
258 991 326 1044 urbe
342 991 429 1043 tuerit
446 990 610 1058 trepidatio,
627 1005 699 1059 quae
718 997 750 1044 ro
776 995 890 1054 ‘eitudo‚

112 1077 139 1112 ur
170 1073 245 1111 aver.

92 1077 110 1128 q
127 1075 258 1188 Qflamria
272 1123 344 1174 enim
361 1128 389 1173 et
399 1122 484 1174 duces
494 1121 597 1173 delecti
610 1127 688 1174 erant
697 1121 844 1178 fortissimi
858 1139 891 1178 ae

92 1191 292 1260 sapientissimi
306 1195 334 1239 et
347 1203 383 1242 ex
393 1195 455 1240 toto
469 1189 667 1255 propemodum
680 1188 747 1240 orbe
758 1189 890 1244 Christia·
938 1203 941 1208 “

91 1277 129 1312 no
140 1259 192 1309 ilos
202 1259 262 1323 ipse
276 1256 430 1306 nobilitatis
440 1261 622 1318 convenerat,
636 1262 666 1306 et
680 1259 828 1336 praepipua
837 1259 890 1310 ite·

8 1381 9 1390 ,
89 1329 148 1380 liae
163 1330 245 1389 atque
255 1320 335 1373 buius
348 1323 424 1374 urbis
438 1329 600 1374 ornamenta
610 1337 642 1373 ac
652 1321 792 1374 columma
800 1325 829 1375 in
843 1337 890 1378 ex·
972 1341 975 1348 ·

91 1389 384 1452 commoriebantur,
394 1396 487 1450 tamen
497 1403 531 1440 eo
542 1390 632 1457 magis
641 1389 835 1440 metuebantur
844 1403 890 1441 va·

89 1461 127 1514 rii
136 1458 273 1511 bellorum
284 1462 313 1508 et
321 1457 456 1525 ancipites
466 1470 556 1518 casua,
566 1458 648 1524 quod,
660 1457 685 1507 si
695 1455 760 1522 quid
770 1462 818 1508 aut
827 1469 891 1523 pro·

90 1534 154 1596 pter
171 1526 226 1577 rim
239 1530 433 1592 tempestatum
453 1531 502 1576 aut
512 1532 627 1591 propter
639 1523 782 1576 hostilium
798 1524 890 1590 copia·

90 1607 152 1647 rum
162 1592 378 1660 magnitudinem
393 1598 504 1660 autquo
518 1593 574 1643 alio
586 1599 686 1644 eventu
696 1592 807 1659 gravius
818 1591 890 1643 acei-

91 1661 191 1723 diseet,
204 1659 281 1712 nulla
289 1660 397 1728 reliqua
407 1673 470 1728 spes
482 1667 557 1723 erat,
571 1658 657 1712 ullum
667 1660 784 1726 amplius
797 1665 889 1712 aetate

90 1733 188 1781 nostra
196 1728 280 1779 talem
290 1730 441 1780 exercitum
451 1743 535 1796 posse
546 1729 636 1780 denuo
648 1731 811 1795 comparari,
835 1725 889 1778 Va·

93 1795 210 1863 gebatur
223 1802 315 1846 autem
328 1800 390 1846 toto
403 1797 473 1845 mari
486 1797 594 1846 infinita
603 1793 737 1864 quaedam
750 1796 889 1848 iuuenum

92 1860 255 1924 multitudo,
269 1867 367 1912 nostre
384 1862 518 1927 sanguiue
534 1871 657 1924 eruenta,
668 1865 773 1914 nostris
789 1858 888 1930 spoliis

92 1937 202 1981 onusta:
221 1929 269 1996 qui
283 1935 312 1980 et
324 1939 433 1992 semper
447 1927 516 1978 aliae
531 1935 629 1993 suopte
642 1931 755 1996 ingenio
767 1930 887 1989 feroces,

92 2003 122 2048 et
130 2002 192 2046 tum
204 1996 322 2046 maxime
335 1999 449 2062 prepter
461 1999 588 2045 recentes
601 1997 732 2048 victorias
746 2013 794 2065 spe
805 2004 889 2063 atque

91 2064 190 2115 animis
205 2061 307 2128 iniisti,
320 2068 414 2114 tantos
427 2060 482 2110 sibi
496 2061 622 2126 spiritus,
636 2068 741 2114 tantam
758 2077 889 2131 arrogan-

89 2131 157 2182 tran
176 2136 365 2195 sunrpserant,
382 2134 412 2179 nt
429 2128 547 2179 classem
559 2127 670 2193 quidem
687 2135 810 2181 nostrum
829 2141 889 2181 ase

90 2197 263 2264 spirituipoo
278 2195 472 2257 difflatumiri,
487 2209 520 2246 ea
535 2208 602 2246 vero
613 2195 744 2259 disiecta,
778 2197 889 2254 uasiia·

89 2277 146 2315 nna
155 2263 272 2329 quadam
282 2262 399 2314 effracta
407 2277 441 2314 ac
451 2262 574 2323 revulsa,
586 2275 681 2312 omncs
692 2263 746 2313 sibi
756 2213 889 2316 Eiristio-

89 2343 189 2384 norim
201 2336 311 2396 portus,
328 2343 423 2382 omnes
438 2331 556 2393 insulas,
573 2342 681 2396 omnem
695 2343 772 2380 oram
784 2331 889 2381 mariti·

89 2397 366 2464 mamapertamiore
379 2397 588 2450 arbitrarentur.
622 2396 749 2463 Augebat
759 2397 889 2448 timorem

90 2471 229 2526 nentrum,
245 2464 321 2530 quod
334 2479 406 2516 anno
420 2465 558 2532 superiori
572 2478 619 2516 eas
628 2463 705 2516 Deus
721 2463 889 2515 alienatores

89 2532 172 2583 nobie
182 2536 296 2598 propter
305 2538 420 2597 paccata
435 2538 532 2584 nostro
541 2531 692 2585 voluntatis
707 2543 774 2584 suae
784 2529 889 2600 signifi·

89 2599 215 2650 cotiones
235 2597 362 2659 dedernt,
380 2605 412 2648 nt
430 2614 486 2650 non
503 2601 606 2652 iniuria
622 2601 837 2669 trepidaremus,
855 2611 889 2650 ne

89 2665 140 2718 iile
159 2665 260 2716 merito
279 2665 360 2718 nobis
380 2666 479 2731 iream,
498 2678 549 2735 per
567 2665 662 2721 hostes
681 2669 801 2724 nominis
815 2667 890 2722 auia

480 2760 597 2862 ἒῴλθῑέᾲ
636 2827 639 2836 ¹

504 2859 578 2899 OXFURU

437 2957 439 2962 ,
502 2957 530 2978 l..
553 2939 589 2980 *a*
