<?xml version="1.0" encoding="UTF-8"?>
<!DOCTYPE html PUBLIC "-//W3C//DTD XHTML 1.0 Transitional//EN"
    "http://www.w3.org/TR/xhtml1/DTD/xhtml1-transitional.dtd">
<html xmlns="http://www.w3.org/1999/xhtml" xml:lang="en" lang="en">
 <head>
  <title>
</title>
<meta http-equiv="Content-Type" content="text/html;charset=utf-8" />
  <meta name='ocr-system' content='tesseract 3.04.00' />
  <meta name='ocr-capabilities' content='ocr_page ocr_carea ocr_par ocr_line ocrx_word'/>
</head>
<body>
  <div class='ocr_page' id='page_1' title='image "./mantoniimuretie00muregoog_0097.png"; bbox 0 0 2154 3002; ppageno 0'>
   <div class='ocr_carea' id='block_1_1' title="bbox 96 122 704 222">
    <p class='ocr_par' dir='ltr' id='par_1_1' title="bbox 96 122 704 222">
     <span class='ocr_line' id='line_1_1' title="bbox 96 122 704 222; baseline 0.003 -2"><span class='ocrx_word' id='word_1_1' title='bbox 96 122 104 132; x_wconf 71' lang='grc'><strong><em>’</em></strong></span> <span class='ocrx_word' id='word_1_2' title='bbox 187 155 222 220; x_wconf 81' lang='lat' dir='ltr'><strong>&#39;u</strong></span> <span class='ocrx_word' id='word_1_3' title='bbox 465 163 618 221; x_wconf 79' lang='lat' dir='ltr'><strong>ouaalo</strong></span> <span class='ocrx_word' id='word_1_4' title='bbox 635 164 704 222; x_wconf 83' lang='lat' dir='ltr'><strong>mr.</strong></span> 
     </span>
    </p>
   </div>
   <div class='ocr_carea' id='block_1_2' title="bbox 184 263 988 1197">
    <p class='ocr_par' dir='ltr' id='par_1_2' title="bbox 184 263 988 1197">
     <span class='ocr_line' id='line_1_2' title="bbox 187 263 986 336; baseline -0.005 -14"><span class='ocrx_word' id='word_1_5' title='bbox 187 265 280 322; x_wconf 70' lang='lat' dir='ltr'><strong>otianti</strong></span> <span class='ocrx_word' id='word_1_6' title='bbox 297 267 342 319; x_wconf 85' lang='lat' dir='ltr'><strong>sui</strong></span> <span class='ocrx_word' id='word_1_7' title='bbox 354 281 416 318; x_wconf 86' lang='lat' dir='ltr'><strong>oum</strong></span> <span class='ocrx_word' id='word_1_8' title='bbox 429 266 503 330; x_wconf 87' lang='lat' dir='ltr'><strong>eius,</strong></span> <span class='ocrx_word' id='word_1_9' title='bbox 522 281 603 334; x_wconf 86' lang='lat' dir='ltr'><strong>quam</strong></span> <span class='ocrx_word' id='word_1_10' title='bbox 617 263 651 318; x_wconf 85' lang='lat' dir='ltr'><strong>s&#39;e.</strong></span> <span class='ocrx_word' id='word_1_11' title='bbox 661 267 812 322; x_wconf 81' lang='lat' dir='ltr'><strong>tradituros</strong></span> <span class='ocrx_word' id='word_1_12' title='bbox 828 283 890 321; x_wconf 78' lang='lat' dir='ltr'><strong>esse</strong></span> <span class='ocrx_word' id='word_1_13' title='bbox 903 269 986 336; x_wconf 79' lang='lat' dir='ltr'><strong>proi.</strong></span> 
     </span>
     <span class='ocr_line' id='line_1_3' title="bbox 187 334 986 404; baseline 0.005 -18"><span class='ocrx_word' id='word_1_14' title='bbox 187 341 294 397; x_wconf 88' lang='lat' dir='ltr'><strong>tantur,</strong></span> <span class='ocrx_word' id='word_1_15' title='bbox 312 337 381 386; x_wconf 85' lang='lat' dir='ltr'><strong>artis</strong></span> <span class='ocrx_word' id='word_1_16' title='bbox 394 334 476 386; x_wconf 91' lang='lat' dir='ltr'><strong>laude</strong></span> <span class='ocrx_word' id='word_1_17' title='bbox 492 337 673 402; x_wconf 85' lang='lat' dir='ltr'><strong>coniungant,</strong></span> <span class='ocrx_word' id='word_1_18' title='bbox 691 349 781 404; x_wconf 90' lang='lat' dir='ltr'><strong>eoque</strong></span> <span class='ocrx_word' id='word_1_19' title='bbox 794 335 927 404; x_wconf 83' lang='lat' dir='ltr'><strong>quidquid</strong></span> <span class='ocrx_word' id='word_1_20' title='bbox 939 337 986 390; x_wconf 83' lang='lat' dir='ltr'><strong>ha·</strong></span> 
     </span>
     <span class='ocr_line' id='line_1_4' title="bbox 186 399 985 466; baseline 0.001 -12"><span class='ocrx_word' id='word_1_21' title='bbox 186 401 292 454; x_wconf 82' lang='lat' dir='ltr'><strong>beatio</strong></span> <span class='ocrx_word' id='word_1_22' title='bbox 307 399 425 453; x_wconf 84' lang='lat' dir='ltr'><strong>dicendo</strong></span> <span class='ocrx_word' id='word_1_23' title='bbox 435 401 535 452; x_wconf 83' lang='lat' dir='ltr'><strong>virium</strong></span> <span class='ocrx_word' id='word_1_24' title='bbox 545 401 702 466; x_wconf 83' lang='lat' dir='ltr'><strong>conferant,</strong></span> <span class='ocrx_word' id='word_1_25' title='bbox 716 404 786 453; x_wconf 89' lang='lat' dir='ltr'><strong>utin</strong></span> <span class='ocrx_word' id='word_1_26' title='bbox 797 417 902 454; x_wconf 87' lang='lat' dir='ltr'><strong>eocum</strong></span> <span class='ocrx_word' id='word_1_27' title='bbox 911 405 985 456; x_wconf 87' lang='lat' dir='ltr'><strong>utili·</strong></span> 
     </span>
     <span class='ocr_line' id='line_1_5' title="bbox 184 467 985 536; baseline 0.004 -16"><span class='ocrx_word' id='word_1_28' title='bbox 184 469 252 520; x_wconf 88' lang='lat' dir='ltr'><strong>tatis</strong></span> <span class='ocrx_word' id='word_1_29' title='bbox 267 473 296 522; x_wconf 81' lang='lat' dir='ltr'><strong>et</strong></span> <span class='ocrx_word' id='word_1_30' title='bbox 310 467 503 530; x_wconf 84' lang='lat' dir='ltr'>emolumenti,</span> <span class='ocrx_word' id='word_1_31' title='bbox 522 473 581 518; x_wconf 89' lang='lat' dir='ltr'><strong>tum</strong></span> <span class='ocrx_word' id='word_1_32' title='bbox 596 468 624 520; x_wconf 91' lang='lat' dir='ltr'><strong>di</strong></span> <span class='ocrx_word' id='word_1_33' title='bbox 645 469 740 520; x_wconf 90' lang='lat' dir='ltr'><strong>nitatis</strong></span> <span class='ocrx_word' id='word_1_34' title='bbox 754 475 784 520; x_wconf 86' lang='lat' dir='ltr'><strong>et</strong></span> <span class='ocrx_word' id='word_1_35' title='bbox 797 469 985 536; x_wconf 78' lang='lat' dir='ltr'><strong>amplitudinis</strong></span> 
     </span>
     <span class='ocr_line' id='line_1_6' title="bbox 184 533 985 602; baseline 0.002 -16"><span class='ocrx_word' id='word_1_36' title='bbox 184 535 274 602; x_wconf 88' lang='lat' dir='ltr'><strong>longe</strong></span> <span class='ocrx_word' id='word_1_37' title='bbox 288 533 435 600; x_wconf 86' lang='lat' dir='ltr'><strong>plurimum</strong></span> <span class='ocrx_word' id='word_1_38' title='bbox 452 535 545 585; x_wconf 89' lang='lat' dir='ltr'><strong>inesse</strong></span> <span class='ocrx_word' id='word_1_39' title='bbox 564 548 616 585; x_wconf 87' lang='lat' dir='ltr'><strong>oon</strong></span> <span class='ocrx_word' id='word_1_40' title='bbox 653 539 735 586; x_wconf 86' lang='lat' dir='ltr'><strong>ment.</strong></span> <span class='ocrx_word' id='word_1_41' title='bbox 771 535 849 597; x_wconf 72' lang='lat' dir='ltr'><strong>Quae</strong></span> <span class='ocrx_word' id='word_1_42' title='bbox 870 550 985 588; x_wconf 85' lang='lat' dir='ltr'><strong>eonsue-</strong></span> 
     </span>
     <span class='ocr_line' id='line_1_7' title="bbox 184 599 985 668; baseline -0.005 -14"><span class='ocrx_word' id='word_1_43' title='bbox 184 601 254 662; x_wconf 84' lang='lat' dir='ltr'><strong>tudo</strong></span> <span class='ocrx_word' id='word_1_44' title='bbox 268 600 323 652; x_wconf 90' lang='lat' dir='ltr'><strong>etsi</strong></span> <span class='ocrx_word' id='word_1_45' title='bbox 340 601 450 652; x_wconf 90' lang='lat' dir='ltr'><strong>minime</strong></span> <span class='ocrx_word' id='word_1_46' title='bbox 463 599 693 668; x_wconf 86' lang='lat' dir='ltr'><strong>reprehendenda</strong></span> <span class='ocrx_word' id='word_1_47' title='bbox 706 599 774 654; x_wconf 91' lang='lat' dir='ltr'><strong>mihi</strong></span> <span class='ocrx_word' id='word_1_48' title='bbox 806 602 898 653; x_wconf 89' lang='lat' dir='ltr'><strong>uidem</strong></span> <span class='ocrx_word' id='word_1_49' title='bbox 910 602 985 662; x_wconf 75' lang='lat' dir='ltr'><strong>vide·</strong></span> 
     </span>
     <span class='ocr_line' id='line_1_8' title="bbox 185 617 985 736; baseline 0.003 -16"><span class='ocrx_word' id='word_1_50' title='bbox 185 673 243 730; x_wconf 84' lang='lat' dir='ltr'><strong>tur,</strong></span> <span class='ocrx_word' id='word_1_51' title='bbox 277 665 334 718; x_wconf 92' lang='lat' dir='ltr'><strong>uod</strong></span> <span class='ocrx_word' id='word_1_52' title='bbox 347 669 440 719; x_wconf 85' lang='lat' dir='ltr'><strong>omnia</strong></span> <span class='ocrx_word' id='word_1_53' title='bbox 451 666 591 720; x_wconf 89' lang='lat' dir='ltr'><strong>laudanda</strong></span> <span class='ocrx_word' id='word_1_54' title='bbox 600 673 676 732; x_wconf 86' lang='lat' dir='ltr'><strong>sunt,</strong></span> <span class='ocrx_word' id='word_1_55' title='bbox 690 681 761 736; x_wconf 85' lang='lat' dir='ltr'><strong>quae</strong></span> <span class='ocrx_word' id='word_1_56' title='bbox 771 617 807 720; x_wconf 51' lang='lat' dir='ltr'><strong>ah</strong></span> <span class='ocrx_word' id='word_1_57' title='bbox 817 667 985 734; x_wconf 84' lang='lat' dir='ltr'><strong>amplifican-</strong></span> 
     </span>
     <span class='ocr_line' id='line_1_9' title="bbox 184 732 985 802; baseline 0.001 -16"><span class='ocrx_word' id='word_1_58' title='bbox 184 732 249 786; x_wconf 88' lang='lat' dir='ltr'><strong>dam</strong></span> <span class='ocrx_word' id='word_1_59' title='bbox 287 739 445 784; x_wconf 90' lang='lat' dir='ltr'><strong>onestarum</strong></span> <span class='ocrx_word' id='word_1_60' title='bbox 463 734 565 802; x_wconf 81' lang='lat' dir='ltr'><strong>artium</strong></span> <span class='ocrx_word' id='word_1_61' title='bbox 583 734 747 802; x_wconf 83' lang='lat' dir='ltr'><strong>dignitatem</strong></span> <span class='ocrx_word' id='word_1_62' title='bbox 767 741 796 786; x_wconf 90' lang='lat' dir='ltr'><strong>et</strong></span> <span class='ocrx_word' id='word_1_63' title='bbox 810 735 846 785; x_wconf 91' lang='lat' dir='ltr'><strong>ad</strong></span> <span class='ocrx_word' id='word_1_64' title='bbox 864 737 985 789; x_wconf 84' lang='lat' dir='ltr'><strong>excitan-</strong></span> 
     </span>
     <span class='ocr_line' id='line_1_10' title="bbox 184 797 985 867; baseline 0.001 -15"><span class='ocrx_word' id='word_1_65' title='bbox 184 798 252 852; x_wconf 86' lang='lat' dir='ltr'><strong>dum</strong></span> <span class='ocrx_word' id='word_1_66' title='bbox 262 799 292 849; x_wconf 89' lang='lat' dir='ltr'><strong>in</strong></span> <span class='ocrx_word' id='word_1_67' title='bbox 304 797 447 852; x_wconf 88' lang='lat' dir='ltr'><strong>hominum</strong></span> <span class='ocrx_word' id='word_1_68' title='bbox 464 802 567 854; x_wconf 80' lang='lat' dir='ltr'><strong>animis</strong></span> <span class='ocrx_word' id='word_1_69' title='bbox 584 813 680 852; x_wconf 90' lang='lat' dir='ltr'><strong>earum</strong></span> <span class='ocrx_word' id='word_1_70' title='bbox 694 800 817 853; x_wconf 84' lang='lat' dir='ltr'><strong>studium</strong></span> <span class='ocrx_word' id='word_1_71' title='bbox 833 802 985 867; x_wconf 75' lang='lat' dir='ltr'><strong>pertinente</strong></span> 
     </span>
     <span class='ocr_line' id='line_1_11' title="bbox 184 865 986 931; baseline 0.004 -13"><span class='ocrx_word' id='word_1_72' title='bbox 184 871 278 918; x_wconf 84' lang='lat' dir='ltr'><strong>tanen</strong></span> <span class='ocrx_word' id='word_1_73' title='bbox 302 866 374 919; x_wconf 92' lang='lat' dir='ltr'><strong>illud</strong></span> <span class='ocrx_word' id='word_1_74' title='bbox 394 865 480 918; x_wconf 85' lang='lat' dir='ltr'><strong>habet</strong></span> <span class='ocrx_word' id='word_1_75' title='bbox 497 869 680 931; x_wconf 86' lang='lat' dir='ltr'><strong>incommodi,</strong></span> <span class='ocrx_word' id='word_1_76' title='bbox 717 867 786 929; x_wconf 88' lang='lat' dir='ltr'><strong>uod,</strong></span> <span class='ocrx_word' id='word_1_77' title='bbox 806 867 871 920; x_wconf 92' lang='lat' dir='ltr'><strong>dum</strong></span> <span class='ocrx_word' id='word_1_78' title='bbox 889 881 986 921; x_wconf 81' lang='lat' dir='ltr'><strong>omnes</strong></span> 
     </span>
     <span class='ocr_line' id='line_1_12' title="bbox 185 883 986 1000; baseline 0.004 -19"><span class='ocrx_word' id='word_1_79' title='bbox 185 931 343 1000; x_wconf 84' lang='lat' dir='ltr'><strong>promiscue</strong></span> <span class='ocrx_word' id='word_1_80' title='bbox 353 933 453 984; x_wconf 80' lang='lat' dir='ltr'><strong>iisdem</strong></span> <span class='ocrx_word' id='word_1_81' title='bbox 463 933 524 985; x_wconf 84' lang='lat' dir='ltr'><strong>iere</strong></span> <span class='ocrx_word' id='word_1_82' title='bbox 535 934 691 986; x_wconf 81' lang='lat' dir='ltr'><strong>afficiuntur</strong></span> <span class='ocrx_word' id='word_1_83' title='bbox 699 883 840 996; x_wconf 50' lang='lat' dir='ltr'><strong>haudibus,</strong></span> <span class='ocrx_word' id='word_1_84' title='bbox 851 933 986 984; x_wconf 85' lang='lat' dir='ltr'><strong>eiusdem·</strong></span> 
     </span>
     <span class='ocr_line' id='line_1_13' title="bbox 186 995 987 1065; baseline 0.004 -17"><span class='ocrx_word' id='word_1_85' title='bbox 186 1011 240 1064; x_wconf 86' lang='lat' dir='ltr'><strong>qua</strong></span> <span class='ocrx_word' id='word_1_86' title='bbox 251 999 294 1049; x_wconf 86' lang='lat' dir='ltr'><strong>rei</strong></span> <span class='ocrx_word' id='word_1_87' title='bbox 304 997 422 1065; x_wconf 81' lang='lat' dir='ltr'><strong>gloriam</strong></span> <span class='ocrx_word' id='word_1_88' title='bbox 433 995 603 1051; x_wconf 80' lang='lat' dir='ltr'><strong>diversarum</strong></span> <span class='ocrx_word' id='word_1_89' title='bbox 617 1001 719 1058; x_wconf 84' lang='lat' dir='ltr'><strong>artium</strong></span> <span class='ocrx_word' id='word_1_90' title='bbox 727 998 853 1052; x_wconf 86' lang='lat' dir='ltr'><strong>homiues</strong></span> <span class='ocrx_word' id='word_1_91' title='bbox 863 999 899 1050; x_wconf 91' lang='lat' dir='ltr'><strong>ad</strong></span> <span class='ocrx_word' id='word_1_92' title='bbox 909 1013 987 1051; x_wconf 84' lang='lat' dir='ltr'><strong>suam</strong></span> 
     </span>
     <span class='ocr_line' id='line_1_14' title="bbox 186 1063 988 1132; baseline 0.007 -18"><span class='ocrx_word' id='word_1_93' title='bbox 186 1063 303 1132; x_wconf 87' lang='lat' dir='ltr'><strong>quisque</strong></span> <span class='ocrx_word' id='word_1_94' title='bbox 315 1064 464 1114; x_wconf 80' lang='lat' dir='ltr'><strong>traducere</strong></span> <span class='ocrx_word' id='word_1_95' title='bbox 479 1076 512 1112; x_wconf 84' lang='lat' dir='ltr'><strong>ac</strong></span> <span class='ocrx_word' id='word_1_96' title='bbox 525 1063 678 1112; x_wconf 83' lang='lat' dir='ltr'><strong>transferre</strong></span> <span class='ocrx_word' id='word_1_97' title='bbox 692 1071 843 1128; x_wconf 78' lang='lat' dir='ltr'><strong>conantur,</strong></span> <span class='ocrx_word' id='word_1_98' title='bbox 857 1066 900 1129; x_wconf 81' lang='lat' dir='ltr'><strong>fit,</strong></span> <span class='ocrx_word' id='word_1_99' title='bbox 914 1066 988 1118; x_wconf 77' lang='lat' dir='ltr'><strong>utin</strong></span> 
     </span>
     <span class='ocr_line' id='line_1_15' title="bbox 186 1129 987 1197; baseline 0.002 -16"><span class='ocrx_word' id='word_1_100' title='bbox 186 1129 288 1197; x_wconf 76' lang='lat' dir='ltr'><strong>vulgus</strong></span> <span class='ocrx_word' id='word_1_101' title='bbox 308 1129 434 1181; x_wconf 79' lang='lat' dir='ltr'>elevetur</span> <span class='ocrx_word' id='word_1_102' title='bbox 452 1130 575 1181; x_wconf 90' lang='lat' dir='ltr'><strong>omnium</strong></span> <span class='ocrx_word' id='word_1_103' title='bbox 590 1129 757 1192; x_wconf 66' lang='lat' dir='ltr'><strong>auotoritas,</strong></span> <span class='ocrx_word' id='word_1_104' title='bbox 778 1137 863 1191; x_wconf 85' lang='lat' dir='ltr'><strong>etnt,</strong></span> <span class='ocrx_word' id='word_1_105' title='bbox 877 1132 987 1194; x_wconf 82' lang='lat' dir='ltr'><strong>quoties</strong></span> 
     </span>
    </p>
   </div>
   <div class='ocr_carea' id='block_1_3' title="bbox 187 1191 1068 1264">
    <p class='ocr_par' dir='ltr' id='par_1_3' title="bbox 187 1191 1068 1264">
     <span class='ocr_line' id='line_1_16' title="bbox 187 1191 1068 1264; baseline 0 -16"><span class='ocrx_word' id='word_1_106' title='bbox 187 1196 290 1264; x_wconf 88' lang='lat' dir='ltr'><strong>aliquis</strong></span> <span class='ocrx_word' id='word_1_107' title='bbox 309 1196 344 1247; x_wconf 92' lang='lat' dir='ltr'><strong>de</strong></span> <span class='ocrx_word' id='word_1_108' title='bbox 365 1209 528 1262; x_wconf 84' lang='lat' dir='ltr'><strong>quacunque</strong></span> <span class='ocrx_word' id='word_1_109' title='bbox 547 1191 608 1246; x_wconf 87' lang='lat' dir='ltr'><strong>arte</strong></span> <span class='ocrx_word' id='word_1_110' title='bbox 628 1195 769 1262; x_wconf 80' lang='lat' dir='ltr'><strong>quippiam</strong></span> <span class='ocrx_word' id='word_1_111' title='bbox 787 1193 941 1246; x_wconf 80' lang='lat' dir='ltr'><strong>honorifice</strong></span> <span class='ocrx_word' id='word_1_112' title='bbox 955 1209 989 1248; x_wconf 88' lang='lat' dir='ltr'><strong>ao</strong></span> <span class='ocrx_word' id='word_1_113' title='bbox 1067 1227 1068 1232; x_wconf 24' lang='grc' dir='ltr'><strong>κ</strong></span> 
     </span>
    </p>
   </div>
   <div class='ocr_carea' id='block_1_4' title="bbox 186 1259 991 1398">
    <p class='ocr_par' dir='ltr' id='par_1_4' title="bbox 186 1259 991 1398">
     <span class='ocr_line' id='line_1_17' title="bbox 186 1259 989 1330; baseline -0.001 -16"><span class='ocrx_word' id='word_1_114' title='bbox 186 1263 333 1328; x_wconf 82' lang='lat' dir='ltr'><strong>splendide</strong></span> <span class='ocrx_word' id='word_1_115' title='bbox 349 1264 442 1314; x_wconf 83' lang='lat' dir='ltr'><strong>dicere</strong></span> <span class='ocrx_word' id='word_1_116' title='bbox 456 1263 601 1330; x_wconf 85' lang='lat' dir='ltr'><strong>ingressus</strong></span> <span class='ocrx_word' id='word_1_117' title='bbox 616 1268 672 1326; x_wconf 88' lang='lat' dir='ltr'><strong>est,</strong></span> <span class='ocrx_word' id='word_1_118' title='bbox 687 1259 855 1312; x_wconf 79' lang='lat' dir='ltr'><strong>circumfusa</strong></span> <span class='ocrx_word' id='word_1_119' title='bbox 866 1262 989 1314; x_wconf 87' lang='lat' dir='ltr'><strong>multitu·</strong></span> 
     </span>
     <span class='ocr_line' id='line_1_18' title="bbox 187 1327 991 1398; baseline -0.002 -16"><span class='ocrx_word' id='word_1_120' title='bbox 187 1329 224 1382; x_wconf 92' lang='lat' dir='ltr'><strong>do</strong></span> <span class='ocrx_word' id='word_1_121' title='bbox 234 1331 276 1382; x_wconf 89' lang='lat' dir='ltr'><strong>ita</strong></span> <span class='ocrx_word' id='word_1_122' title='bbox 285 1331 347 1382; x_wconf 88' lang='lat' dir='ltr'><strong>eum</strong></span> <span class='ocrx_word' id='word_1_123' title='bbox 357 1329 435 1398; x_wconf 90' lang='lat' dir='ltr'><strong>loqui</strong></span> <span class='ocrx_word' id='word_1_124' title='bbox 445 1331 585 1396; x_wconf 88' lang='lat' dir='ltr'><strong>opinetur,</strong></span> <span class='ocrx_word' id='word_1_125' title='bbox 597 1342 653 1380; x_wconf 88' lang='lat' dir='ltr'><strong>non</strong></span> <span class='ocrx_word' id='word_1_126' title='bbox 663 1328 737 1394; x_wconf 93' lang='lat' dir='ltr'><strong>quod</strong></span> <span class='ocrx_word' id='word_1_127' title='bbox 746 1329 787 1379; x_wconf 83' lang='lat' dir='ltr'><strong>ita</strong></span> <span class='ocrx_word' id='word_1_128' title='bbox 795 1327 844 1388; x_wconf 60' lang='lat' dir='ltr'><strong>sit,</strong></span> <span class='ocrx_word' id='word_1_129' title='bbox 854 1328 905 1377; x_wconf 90' lang='lat' dir='ltr'><strong>sed</strong></span> <span class='ocrx_word' id='word_1_130' title='bbox 915 1327 991 1394; x_wconf 91' lang='lat' dir='ltr'><strong>quod</strong></span> 
     </span>
    </p>
   </div>
   <div class='ocr_carea' id='block_1_5' title="bbox 187 1392 1068 1458">
    <p class='ocr_par' dir='ltr' id='par_1_5' title="bbox 187 1392 1068 1458">
     <span class='ocr_line' id='line_1_19' title="bbox 187 1392 1068 1458; baseline -0.002 -12"><span class='ocrx_word' id='word_1_131' title='bbox 187 1409 250 1448; x_wconf 83' lang='lat' dir='ltr'><strong>eam</strong></span> <span class='ocrx_word' id='word_1_132' title='bbox 259 1402 325 1448; x_wconf 83' lang='lat' dir='ltr'><strong>tunc</strong></span> <span class='ocrx_word' id='word_1_133' title='bbox 335 1402 423 1448; x_wconf 87' lang='lat' dir='ltr'><strong>artem</strong></span> <span class='ocrx_word' id='word_1_134' title='bbox 438 1397 590 1447; x_wconf 88' lang='lat' dir='ltr'><strong>ornandam</strong></span> <span class='ocrx_word' id='word_1_135' title='bbox 603 1392 852 1456; x_wconf 80' lang='lat' dir='ltr'><strong>celebrandumque</strong></span> <span class='ocrx_word' id='word_1_136' title='bbox 860 1405 990 1458; x_wconf 85' lang='lat' dir='ltr'><strong>suseepe·</strong></span> <span class='ocrx_word' id='word_1_137' title='bbox 1064 1407 1068 1423; x_wconf 77' lang='lat'><strong>⁴</strong></span> 
     </span>
    </p>
   </div>
   <div class='ocr_carea' id='block_1_6' title="bbox 186 1454 993 1525">
    <p class='ocr_par' dir='ltr' id='par_1_6' title="bbox 186 1454 993 1525">
     <span class='ocr_line' id='line_1_20' title="bbox 186 1454 993 1525; baseline -0.005 -13"><span class='ocrx_word' id='word_1_138' title='bbox 186 1462 238 1525; x_wconf 83' lang='lat' dir='ltr'><strong>iit,</strong></span> <span class='ocrx_word' id='word_1_139' title='bbox 250 1462 326 1515; x_wconf 90' lang='lat' dir='ltr'><strong>idem</strong></span> <span class='ocrx_word' id='word_1_140' title='bbox 339 1464 373 1514; x_wconf 93' lang='lat' dir='ltr'><strong>de</strong></span> <span class='ocrx_word' id='word_1_141' title='bbox 389 1463 446 1515; x_wconf 85' lang='lat' dir='ltr'><strong>alia</strong></span> <span class='ocrx_word' id='word_1_142' title='bbox 459 1463 596 1522; x_wconf 84' lang='lat' dir='ltr'><strong>dicturus,</strong></span> <span class='ocrx_word' id='word_1_143' title='bbox 610 1459 635 1511; x_wconf 91' lang='lat' dir='ltr'><strong>si</strong></span> <span class='ocrx_word' id='word_1_144' title='bbox 649 1459 705 1508; x_wconf 85' lang='lat' dir='ltr'><strong>alia</strong></span> <span class='ocrx_word' id='word_1_145' title='bbox 718 1457 772 1507; x_wconf 86' lang='lat' dir='ltr'><strong>sibi</strong></span> <span class='ocrx_word' id='word_1_146' title='bbox 787 1454 948 1506; x_wconf 84' lang='lat' dir='ltr'><strong>extollenda</strong></span> <span class='ocrx_word' id='word_1_147' title='bbox 961 1465 993 1508; x_wconf 81' lang='lat' dir='ltr'><strong>et</strong></span> 
     </span>
    </p>
   </div>
   <div class='ocr_carea' id='block_1_7' title="bbox 101 1517 1068 1796">
    <p class='ocr_par' dir='ltr' id='par_1_7' title="bbox 101 1517 1068 1796">
     <span class='ocr_line' id='line_1_21' title="bbox 101 1517 1068 1600; baseline -0.022 -15"><span class='ocrx_word' id='word_1_148' title='bbox 101 1558 105 1564; x_wconf 89' lang='lat'>·</span> <span class='ocrx_word' id='word_1_149' title='bbox 187 1530 386 1596; x_wconf 81' lang='lat' dir='ltr'><strong>exaggeranda</strong></span> <span class='ocrx_word' id='word_1_150' title='bbox 410 1535 495 1582; x_wconf 81' lang='lat' dir='ltr'><strong>esset.</strong></span> <span class='ocrx_word' id='word_1_151' title='bbox 530 1527 620 1591; x_wconf 84' lang='lat' dir='ltr'><strong>Ergo,</strong></span> <span class='ocrx_word' id='word_1_152' title='bbox 645 1529 677 1573; x_wconf 79' lang='lat' dir='ltr'><strong>ui</strong></span> <span class='ocrx_word' id='word_1_153' title='bbox 695 1522 743 1600; x_wconf 89' lang='lat' dir='ltr'><strong>qui</strong></span> <span class='ocrx_word' id='word_1_154' title='bbox 761 1517 922 1598; x_wconf 76' lang='lat' dir='ltr'><strong>comoedias</strong></span> <span class='ocrx_word' id='word_1_155' title='bbox 941 1531 992 1576; x_wconf 66' lang='lat' dir='ltr'><strong>aue</strong></span> <span class='ocrx_word' id='word_1_156' title='bbox 1067 1547 1068 1588; x_wconf 29' lang='lat' dir='ltr'><strong>q</strong></span> 
     </span>
     <span class='ocr_line' id='line_1_22' title="bbox 186 1583 1068 1663; baseline -0.01 -17"><span class='ocrx_word' id='word_1_157' title='bbox 186 1597 349 1663; x_wconf 82' lang='lat' dir='ltr'><strong>tragoedias</strong></span> <span class='ocrx_word' id='word_1_158' title='bbox 376 1599 515 1661; x_wconf 81' lang='lat' dir='ltr'><strong>spectant,</strong></span> <span class='ocrx_word' id='word_1_159' title='bbox 544 1606 606 1641; x_wconf 90' lang='lat' dir='ltr'><strong>cum</strong></span> <span class='ocrx_word' id='word_1_160' title='bbox 628 1586 793 1637; x_wconf 79' lang='lat' dir='ltr'><strong>histrionem</strong></span> <span class='ocrx_word' id='word_1_161' title='bbox 815 1583 937 1654; x_wconf 89' lang='lat' dir='ltr'><strong>ahquem</strong></span> <span class='ocrx_word' id='word_1_162' title='bbox 961 1588 991 1640; x_wconf 86' lang='lat' dir='ltr'><strong>in</strong></span> <span class='ocrx_word' id='word_1_163' title='bbox 1067 1599 1068 1656; x_wconf 38' lang='lat'><em>5</em></span> 
     </span>
     <span class='ocr_line' id='line_1_23' title="bbox 184 1651 1068 1740; baseline -0.011 -27"><span class='ocrx_word' id='word_1_164' title='bbox 184 1665 335 1740; x_wconf 82' lang='lat' dir='ltr'><strong>proscenio</strong></span> <span class='ocrx_word' id='word_1_165' title='bbox 347 1675 414 1711; x_wconf 91' lang='lat' dir='ltr'><strong>auro</strong></span> <span class='ocrx_word' id='word_1_166' title='bbox 425 1674 459 1710; x_wconf 86' lang='lat' dir='ltr'><strong>ao</strong></span> <span class='ocrx_word' id='word_1_167' title='bbox 467 1669 588 1724; x_wconf 85' lang='lat' dir='ltr'><strong>purpura</strong></span> <span class='ocrx_word' id='word_1_168' title='bbox 597 1653 752 1718; x_wconf 83' lang='lat' dir='ltr'><strong>fulgentem</strong></span> <span class='ocrx_word' id='word_1_169' title='bbox 760 1651 892 1716; x_wconf 87' lang='lat' dir='ltr'><strong>viderint,</strong></span> <span class='ocrx_word' id='word_1_170' title='bbox 902 1653 990 1707; x_wconf 82' lang='lat' dir='ltr'><strong>facile</strong></span> <span class='ocrx_word' id='word_1_171' title='bbox 1067 1669 1068 1678; x_wconf 56' lang='lat'>¹</span> 
     </span>
     <span class='ocr_line' id='line_1_24' title="bbox 185 1719 1068 1796; baseline -0.011 -18"><span class='ocrx_word' id='word_1_172' title='bbox 185 1729 360 1796; x_wconf 74' lang='lat' dir='ltr'><strong>intelligunt,</strong></span> <span class='ocrx_word' id='word_1_173' title='bbox 374 1727 425 1777; x_wconf 91' lang='lat' dir='ltr'><strong>illa</strong></span> <span class='ocrx_word' id='word_1_174' title='bbox 439 1726 601 1776; x_wconf 85' lang='lat' dir='ltr'><strong>ornamenta</strong></span> <span class='ocrx_word' id='word_1_175' title='bbox 614 1719 701 1784; x_wconf 86' lang='lat' dir='ltr'><strong>ipsius</strong></span> <span class='ocrx_word' id='word_1_176' title='bbox 715 1719 828 1786; x_wconf 85' lang='lat' dir='ltr'><strong>propria</strong></span> <span class='ocrx_word' id='word_1_177' title='bbox 841 1735 897 1771; x_wconf 88' lang='lat' dir='ltr'><strong>non</strong></span> <span class='ocrx_word' id='word_1_178' title='bbox 911 1735 987 1786; x_wconf 82' lang='lat' dir='ltr'><strong>esse3</strong></span> <span class='ocrx_word' id='word_1_179' title='bbox 1067 1733 1068 1748; x_wconf 64' lang='lat'><em>³</em></span> 
     </span>
    </p>
   </div>
   <div class='ocr_carea' id='block_1_8' title="bbox 185 1784 988 1855">
    <p class='ocr_par' dir='ltr' id='par_1_8' title="bbox 185 1784 988 1855">
     <span class='ocr_line' id='line_1_25' title="bbox 185 1784 988 1855; baseline -0.01 -9"><span class='ocrx_word' id='word_1_180' title='bbox 185 1794 237 1846; x_wconf 80' lang='lat' dir='ltr'><strong>ted</strong></span> <span class='ocrx_word' id='word_1_181' title='bbox 247 1795 382 1852; x_wconf 84' lang='lat' dir='ltr'><strong>futurum,</strong></span> <span class='ocrx_word' id='word_1_182' title='bbox 397 1796 429 1841; x_wconf 89' lang='lat' dir='ltr'><strong>ut</strong></span> <span class='ocrx_word' id='word_1_183' title='bbox 442 1801 530 1854; x_wconf 86' lang='lat' dir='ltr'><strong>aeque</strong></span> <span class='ocrx_word' id='word_1_184' title='bbox 541 1785 598 1836; x_wconf 87' lang='lat' dir='ltr'><strong>illis</strong></span> <span class='ocrx_word' id='word_1_185' title='bbox 611 1784 775 1837; x_wconf 88' lang='lat' dir='ltr'><strong>indueretur</strong></span> <span class='ocrx_word' id='word_1_186' title='bbox 788 1786 906 1855; x_wconf 83' lang='lat' dir='ltr'><strong>quilibet</strong></span> <span class='ocrx_word' id='word_1_187' title='bbox 915 1788 988 1844; x_wconf 81' lang='lat' dir='ltr'><strong>alius</strong></span> 
     </span>
    </p>
   </div>
   <div class='ocr_carea' id='block_1_9' title="bbox 99 1854 999 1992">
    <p class='ocr_par' dir='ltr' id='par_1_9' title="bbox 99 1854 999 1992">
     <span class='ocr_line' id='line_1_26' title="bbox 99 1854 999 1927; baseline -0.003 -18"><span class='ocrx_word' id='word_1_188' title='bbox 99 1915 103 1920; x_wconf 53' lang='grc'><strong>,</strong></span> <span class='ocrx_word' id='word_1_189' title='bbox 186 1874 201 1911; x_wconf 91' lang='lat' dir='ltr'><strong>e</strong></span> <span class='ocrx_word' id='word_1_190' title='bbox 215 1873 316 1927; x_wconf 81' lang='lat' dir='ltr'><strong>grege,</strong></span> <span class='ocrx_word' id='word_1_191' title='bbox 336 1857 385 1923; x_wconf 86' lang='lat' dir='ltr'><strong>qui</strong></span> <span class='ocrx_word' id='word_1_192' title='bbox 402 1855 439 1906; x_wconf 92' lang='lat' dir='ltr'><strong>ad</strong></span> <span class='ocrx_word' id='word_1_193' title='bbox 456 1860 565 1919; x_wconf 85' lang='lat' dir='ltr'><strong>tempus</strong></span> <span class='ocrx_word' id='word_1_194' title='bbox 585 1865 646 1904; x_wconf 84' lang='lat' dir='ltr'><strong>eam</strong></span> <span class='ocrx_word' id='word_1_195' title='bbox 659 1866 807 1919; x_wconf 85' lang='lat' dir='ltr'><strong>personam</strong></span> <span class='ocrx_word' id='word_1_196' title='bbox 822 1854 999 1927; x_wconf 46' lang='lat' dir='ltr'><strong>sustinerem·</strong></span> 
     </span>
     <span class='ocr_line' id='line_1_27' title="bbox 183 1917 989 1992; baseline -0.005 -16"><span class='ocrx_word' id='word_1_197' title='bbox 183 1926 237 1988; x_wconf 82' lang='lat' dir='ltr'><strong>tta,</strong></span> <span class='ocrx_word' id='word_1_198' title='bbox 256 1925 304 1992; x_wconf 88' lang='lat' dir='ltr'><strong>qui</strong></span> <span class='ocrx_word' id='word_1_199' title='bbox 318 1919 453 1973; x_wconf 88' lang='lat' dir='ltr'><strong>eiusmodi</strong></span> <span class='ocrx_word' id='word_1_200' title='bbox 475 1920 617 1972; x_wconf 87' lang='lat' dir='ltr'><strong>orationes</strong></span> <span class='ocrx_word' id='word_1_201' title='bbox 632 1919 759 1985; x_wconf 81' lang='lat' dir='ltr'><strong>audiunt,</strong></span> <span class='ocrx_word' id='word_1_202' title='bbox 778 1936 841 1972; x_wconf 88' lang='lat' dir='ltr'><strong>eum</strong></span> <span class='ocrx_word' id='word_1_203' title='bbox 855 1917 926 1971; x_wconf 86' lang='lat' dir='ltr'><strong>hano</strong></span> <span class='ocrx_word' id='word_1_204' title='bbox 939 1925 989 1972; x_wconf 76' lang='lat' dir='ltr'><strong>aut</strong></span> 
     </span>
    </p>
   </div>
   <div class='ocr_carea' id='block_1_10' title="bbox 141 1985 987 2388">
    <p class='ocr_par' dir='ltr' id='par_1_10' title="bbox 141 1985 987 2388">
     <span class='ocr_line' id='line_1_28' title="bbox 183 1985 987 2054; baseline -0.006 -12"><span class='ocrx_word' id='word_1_205' title='bbox 183 1989 262 2042; x_wconf 86' lang='lat' dir='ltr'><strong>illam</strong></span> <span class='ocrx_word' id='word_1_206' title='bbox 275 1993 363 2039; x_wconf 87' lang='lat' dir='ltr'><strong>artem</strong></span> <span class='ocrx_word' id='word_1_207' title='bbox 375 1986 531 2054; x_wconf 84' lang='lat' dir='ltr'><strong>magnificis</strong></span> <span class='ocrx_word' id='word_1_208' title='bbox 547 1993 575 2038; x_wconf 81' lang='lat' dir='ltr'><strong>et</strong></span> <span class='ocrx_word' id='word_1_209' title='bbox 589 1986 736 2054; x_wconf 85' lang='lat' dir='ltr'><strong>exquisitis</strong></span> <span class='ocrx_word' id='word_1_210' title='bbox 752 1993 913 2040; x_wconf 83' lang='lat' dir='ltr'><strong>exornatam</strong></span> <span class='ocrx_word' id='word_1_211' title='bbox 927 1985 987 2038; x_wconf 89' lang='lat' dir='ltr'><strong>lau·</strong></span> 
     </span>
     <span class='ocr_line' id='line_1_29' title="bbox 184 2051 987 2122; baseline 0.001 -14"><span class='ocrx_word' id='word_1_212' title='bbox 184 2055 265 2108; x_wconf 86' lang='lat' dir='ltr'><strong>dibus</strong></span> <span class='ocrx_word' id='word_1_213' title='bbox 282 2051 389 2115; x_wconf 80' lang='lat' dir='ltr'><strong>vident,</strong></span> <span class='ocrx_word' id='word_1_214' title='bbox 407 2054 502 2106; x_wconf 81' lang='lat' dir='ltr'><strong>statim</strong></span> <span class='ocrx_word' id='word_1_215' title='bbox 519 2054 654 2118; x_wconf 78' lang='lat' dir='ltr'><strong>iudicant,</strong></span> <span class='ocrx_word' id='word_1_216' title='bbox 672 2051 762 2108; x_wconf 85' lang='lat' dir='ltr'><strong>nihilo</strong></span> <span class='ocrx_word' id='word_1_217' title='bbox 780 2053 869 2122; x_wconf 85' lang='lat' dir='ltr'><strong>magis</strong></span> <span class='ocrx_word' id='word_1_218' title='bbox 889 2065 937 2102; x_wconf 71' lang='lat' dir='ltr'><strong>eos</strong></span> <span class='ocrx_word' id='word_1_219' title='bbox 955 2052 987 2103; x_wconf 82' lang='lat' dir='ltr'><strong>in</strong></span> 
     </span>
     <span class='ocr_line' id='line_1_30' title="bbox 141 2119 986 2188; baseline 0.004 -19"><span class='ocrx_word' id='word_1_220' title='bbox 141 2149 144 2156; x_wconf 41' lang='grc' dir='ltr'><em>ι</em></span> <span class='ocrx_word' id='word_1_221' title='bbox 184 2119 268 2182; x_wconf 87' lang='lat' dir='ltr'><strong>hano,</strong></span> <span class='ocrx_word' id='word_1_222' title='bbox 281 2120 500 2188; x_wconf 83' lang='lat' dir='ltr'><strong>quaminillam‚</strong></span> <span class='ocrx_word' id='word_1_223' title='bbox 515 2124 678 2186; x_wconf 80' lang='lat' dir='ltr'><strong>convenire,</strong></span> <span class='ocrx_word' id='word_1_224' title='bbox 690 2119 880 2188; x_wconf 86' lang='lat' dir='ltr'><strong>futurumque,</strong></span> <span class='ocrx_word' id='word_1_225' title='bbox 897 2121 929 2166; x_wconf 88' lang='lat' dir='ltr'><strong>ut</strong></span> <span class='ocrx_word' id='word_1_226' title='bbox 939 2127 986 2166; x_wconf 70' lang='lat' dir='ltr'><strong>ea·</strong></span> 
     </span>
     <span class='ocr_line' id='line_1_31' title="bbox 184 2186 987 2253; baseline -0.002 -15"><span class='ocrx_word' id='word_1_227' title='bbox 184 2186 291 2238; x_wconf 90' lang='lat' dir='ltr'><strong>demde</strong></span> <span class='ocrx_word' id='word_1_228' title='bbox 302 2187 427 2253; x_wconf 85' lang='lat' dir='ltr'><strong>qualibet</strong></span> <span class='ocrx_word' id='word_1_229' title='bbox 436 2189 493 2252; x_wconf 80' lang='lat' dir='ltr'><strong>alia</strong></span> <span class='ocrx_word' id='word_1_230' title='bbox 502 2188 670 2252; x_wconf 84' lang='lat' dir='ltr'><strong>dicerentur,</strong></span> <span class='ocrx_word' id='word_1_231' title='bbox 681 2189 727 2239; x_wconf 88' lang='lat' dir='ltr'><strong>eui</strong></span> <span class='ocrx_word' id='word_1_232' title='bbox 737 2192 844 2247; x_wconf 81' lang='lat' dir='ltr'><strong>orator,</strong></span> <span class='ocrx_word' id='word_1_233' title='bbox 853 2189 987 2248; x_wconf 84' lang='lat' dir='ltr'><strong>tanquam</strong></span> 
     </span>
     <span class='ocr_line' id='line_1_32' title="bbox 183 2249 986 2330; baseline 0.004 -29"><span class='ocrx_word' id='word_1_234' title='bbox 183 2250 332 2322; x_wconf 85' lang='lat' dir='ltr'><strong>choragus,</strong></span> <span class='ocrx_word' id='word_1_235' title='bbox 342 2268 390 2307; x_wconf 84' lang='lat' dir='ltr'><strong>eas</strong></span> <span class='ocrx_word' id='word_1_236' title='bbox 401 2257 480 2322; x_wconf 86' lang='lat' dir='ltr'><strong>quasi</strong></span> <span class='ocrx_word' id='word_1_237' title='bbox 490 2261 584 2324; x_wconf 88' lang='lat' dir='ltr'><strong>partes</strong></span> <span class='ocrx_word' id='word_1_238' title='bbox 597 2255 729 2308; x_wconf 87' lang='lat' dir='ltr'><strong>mandare</strong></span> <span class='ocrx_word' id='word_1_239' title='bbox 742 2258 830 2330; x_wconf 43' lang='lat' dir='ltr'><strong>atque·</strong></span> <span class='ocrx_word' id='word_1_240' title='bbox 839 2249 986 2313; x_wconf 81' lang='lat' dir='ltr'><strong>imponere</strong></span> 
     </span>
     <span class='ocr_line' id='line_1_33' title="bbox 183 2317 987 2388; baseline -0.004 -17"><span class='ocrx_word' id='word_1_241' title='bbox 183 2319 328 2374; x_wconf 80' lang='lat' dir='ltr'><strong>voluisset.</strong></span> <span class='ocrx_word' id='word_1_242' title='bbox 364 2323 443 2385; x_wconf 74' lang='lat' dir='ltr'><strong>Quae</strong></span> <span class='ocrx_word' id='word_1_243' title='bbox 462 2339 524 2374; x_wconf 87' lang='lat' dir='ltr'><strong>eum</strong></span> <span class='ocrx_word' id='word_1_244' title='bbox 539 2321 608 2374; x_wconf 90' lang='lat' dir='ltr'><strong>mihi</strong></span> <span class='ocrx_word' id='word_1_245' title='bbox 625 2322 659 2372; x_wconf 94' lang='lat' dir='ltr'><strong>de</strong></span> <span class='ocrx_word' id='word_1_246' title='bbox 671 2319 808 2388; x_wconf 79' lang='lat' dir='ltr'><strong>principio</strong></span> <span class='ocrx_word' id='word_1_247' title='bbox 821 2331 851 2365; x_wconf 90' lang='lat' dir='ltr'><strong>m</strong></span> <span class='ocrx_word' id='word_1_248' title='bbox 863 2317 987 2368; x_wconf 81' lang='lat' dir='ltr'><strong>mantela</strong></span> 
     </span>
    </p>
   </div>
   <div class='ocr_carea' id='block_1_11' title="bbox 99 2379 987 2458">
    <p class='ocr_par' dir='ltr' id='par_1_11' title="bbox 99 2379 987 2458">
     <span class='ocr_line' id='line_1_34' title="bbox 99 2379 987 2458; baseline -0.006 -20"><span class='ocrx_word' id='word_1_249' title='bbox 99 2383 103 2390; x_wconf 80' lang='grc'><strong><em>’</em></strong></span> <span class='ocrx_word' id='word_1_250' title='bbox 183 2388 322 2458; x_wconf 78' lang='lat' dir='ltr'><strong>venirent,</strong></span> <span class='ocrx_word' id='word_1_251' title='bbox 335 2391 536 2457; x_wconf 87' lang='lat' dir='ltr'><strong>propemodum</strong></span> <span class='ocrx_word' id='word_1_252' title='bbox 549 2389 650 2440; x_wconf 85' lang='lat' dir='ltr'><strong>ineam</strong></span> <span class='ocrx_word' id='word_1_253' title='bbox 661 2399 706 2437; x_wconf 89' lang='lat' dir='ltr'><strong>me</strong></span> <span class='ocrx_word' id='word_1_254' title='bbox 719 2382 885 2436; x_wconf 84' lang='lat' dir='ltr'><strong>sententiam</strong></span> <span class='ocrx_word' id='word_1_255' title='bbox 899 2379 987 2433; x_wconf 87' lang='lat' dir='ltr'><strong>addu-</strong></span> 
     </span>
    </p>
   </div>
   <div class='ocr_carea' id='block_1_12' title="bbox 181 2445 988 2664">
    <p class='ocr_par' dir='ltr' id='par_1_12' title="bbox 181 2445 988 2664">
     <span class='ocr_line' id='line_1_35' title="bbox 183 2445 988 2528; baseline -0.012 -20"><span class='ocrx_word' id='word_1_256' title='bbox 183 2462 290 2520; x_wconf 81' lang='lat' dir='ltr'><strong>xerunt,</strong></span> <span class='ocrx_word' id='word_1_257' title='bbox 301 2463 333 2510; x_wconf 91' lang='lat' dir='ltr'><strong>ut</strong></span> <span class='ocrx_word' id='word_1_258' title='bbox 342 2470 404 2512; x_wconf 86' lang='lat' dir='ltr'><strong>eam</strong></span> <span class='ocrx_word' id='word_1_259' title='bbox 414 2453 610 2523; x_wconf 79' lang='lat' dir='ltr'><strong>philosophiae</strong></span> <span class='ocrx_word' id='word_1_260' title='bbox 620 2457 735 2519; x_wconf 85' lang='lat' dir='ltr'><strong>partem,</strong></span> <span class='ocrx_word' id='word_1_261' title='bbox 746 2460 817 2525; x_wconf 77' lang='lat' dir='ltr'><strong>quae</strong></span> <span class='ocrx_word' id='word_1_262' title='bbox 828 2447 864 2498; x_wconf 86' lang='lat' dir='ltr'><strong>ad</strong></span> <span class='ocrx_word' id='word_1_263' title='bbox 874 2445 988 2528; x_wconf 70' lang='lat' dir='ltr'><strong>eonfor-</strong></span> 
     </span>
     <span class='ocr_line' id='line_1_36' title="bbox 182 2518 987 2592; baseline -0.019 -18"><span class='ocrx_word' id='word_1_264' title='bbox 182 2523 300 2576; x_wconf 88' lang='lat' dir='ltr'><strong>mandos</strong></span> <span class='ocrx_word' id='word_1_265' title='bbox 310 2537 402 2576; x_wconf 82' lang='lat' dir='ltr'><strong>mores</strong></span> <span class='ocrx_word' id='word_1_266' title='bbox 412 2519 600 2574; x_wconf 81' lang='lat' dir='ltr'><strong>instituendae</strong></span> <span class='ocrx_word' id='word_1_267' title='bbox 621 2532 656 2569; x_wconf 92' lang='lat' dir='ltr'><strong>ue</strong></span> <span class='ocrx_word' id='word_1_268' title='bbox 668 2518 889 2567; x_wconf 80' lang='lat' dir='ltr'><strong>vitaeratronem</strong></span> <span class='ocrx_word' id='word_1_269' title='bbox 899 2519 987 2592; x_wconf 77' lang='lat' dir='ltr'><strong>perti.</strong></span> 
     </span>
     <span class='ocr_line' id='line_1_37' title="bbox 181 2586 988 2664; baseline -0.007 -22"><span class='ocrx_word' id='word_1_270' title='bbox 181 2595 239 2654; x_wconf 81' lang='lat' dir='ltr'><strong>net,</strong></span> <span class='ocrx_word' id='word_1_271' title='bbox 251 2591 420 2658; x_wconf 83' lang='lat' dir='ltr'><strong>quotidianis</strong></span> <span class='ocrx_word' id='word_1_272' title='bbox 430 2586 612 2654; x_wconf 86' lang='lat' dir='ltr'><strong>disputationi</strong></span> <span class='ocrx_word' id='word_1_273' title='bbox 632 2586 812 2664; x_wconf 57' lang='lat' dir='ltr'><strong>unquentum</strong></span> <span class='ocrx_word' id='word_1_274' title='bbox 821 2595 901 2634; x_wconf 88' lang='lat' dir='ltr'><strong>meae</strong></span> <span class='ocrx_word' id='word_1_275' title='bbox 911 2594 988 2636; x_wconf 68' lang='lat' dir='ltr'><strong>aare}</strong></span> 
     </span>
    </p>
   </div>
   <div class='ocr_carea' id='block_1_13' title="bbox 183 2647 1063 2742">
    <p class='ocr_par' dir='ltr' id='par_1_13' title="bbox 183 2647 1063 2742">
     <span class='ocr_line' id='line_1_38' title="bbox 183 2647 1063 2742; baseline -0.01 -31"><span class='ocrx_word' id='word_1_276' title='bbox 183 2657 288 2721; x_wconf 85' lang='lat' dir='ltr'><strong>lerant,</strong></span> <span class='ocrx_word' id='word_1_277' title='bbox 314 2657 520 2720; x_wconf 71' lang='lat' dir='ltr'><strong>illustrandus,</strong></span> <span class='ocrx_word' id='word_1_278' title='bbox 538 2649 610 2740; x_wconf 85' lang='lat' dir='ltr'><strong>nihil</strong></span> <span class='ocrx_word' id='word_1_279' title='bbox 630 2651 726 2718; x_wconf 82' lang='lat' dir='ltr'><strong>iutro,</strong></span> <span class='ocrx_word' id='word_1_280' title='bbox 744 2663 799 2722; x_wconf 89' lang='lat' dir='ltr'><strong>quo</strong></span> <span class='ocrx_word' id='word_1_281' title='bbox 821 2647 988 2735; x_wconf 76' lang='lat' dir='ltr'><strong>dignitatem</strong></span> <span class='ocrx_word' id='word_1_282' title='bbox 1055 2723 1063 2742; x_wconf 33' lang='grc' dir='ltr'><strong><em>Ι</em></strong></span> 
     </span>
    </p>
   </div>
   <div class='ocr_carea' id='block_1_14' title="bbox 0 0 1082 3002">
    <p class='ocr_par' dir='ltr' id='par_1_14' title="bbox 0 0 1082 3002">
     <span class='ocr_line' id='line_1_39' title="bbox 0 0 1082 3002; baseline 0 0"><span class='ocrx_word' id='word_1_283' title='bbox 0 0 1082 3002; x_wconf 95' lang='lat' dir='ltr'><strong> </strong></span> 
     </span>
    </p>
   </div>
  </div>
 </body>
</html>
