2146 3008
321 221 327 234 „
379 173 530 226 ORATIO
548 173 613 224 XX.
792 201 793 208 .
850 177 900 228 ala

101 291 267 348 quamquam
277 280 306 327 et
315 269 418 327 afficta
428 280 519 326 aetate
529 279 559 324 et
568 271 685 340 corpore
696 274 840 326 admodum
852 276 900 326 im-

101 347 221 406 becillo,
245 353 299 394 nun
320 358 382 394 uam
400 349 492 393 tamen
512 341 612 391 adduci
631 341 730 407 potuit.
768 341 900 401 Quotidie

101 413 163 466 tere
183 411 311 463 sacrifica
331 416 372 472 at;
392 409 417 459 si
429 405 459 458 id
472 422 527 457 non
542 413 665 472 poterat,
686 407 797 457 omnino
809 415 900 458 tamen

100 484 283 535 sacrosancto
303 477 404 526 missae
423 474 561 526 sacrificio
579 475 722 524 intererat.
756 473 899 540 Nunquam

103 561 139 598 ex
153 546 213 596 eius
230 557 279 595 ore
293 539 406 593 verbum
421 555 504 590 unum
516 538 632 606 prodiit,
647 540 722 605 quod
736 555 792 590 non
805 547 853 591 aut
867 541 900 591 ad

98 613 156 667 Dei
171 608 281 662 laudem
297 607 393 660 autad
406 621 515 670 eurum,
531 607 579 672 qui
588 606 718 670 aderaut,
733 606 901 660 emendatio·

102 693 164 732 nem
174 677 335 742 pertineret.

136 743 197 803 Sic,
207 755 369 808 quamquam
380 738 470 790 adhuc
479 739 507 788 in
517 745 594 790 terra
602 741 725 804 positus,
739 740 902 792 versabatur

100 813 131 862 in
147 809 241 872 coelo;
266 815 296 858 et
310 821 371 859 cum
384 804 429 854 hic
443 805 586 856 nobiseum
600 807 719 871 vireret,
741 808 796 858 iam
808 813 900 857 tamen

103 879 173 932 ciris
186 880 247 926 erat
259 881 416 926 sanctorum
430 878 459 922 et
472 869 640 922 demesticos
650 873 713 925 Dei.
748 876 822 925 'l'ota
835 887 901 941 quo·

103 959 157 1012 que
180 945 240 993 eius
258 937 365 992 fa‘milia
387 937 431 987 ad.
446 937 600 1002 exemplum
620 939 726 990 domini
748 940 902 1006 composita

104 1016 177 1072 erat,
198 1021 312 1075 cumque
331 1005 424 1074 multis
443 1005 472 1054 in
491 1003 562 1054 louis
581 1002 732 1055 familiares
748 1007 901 1070 principum

103 1082 266 1143 sumptuoso
284 1073 370 1124 restis
389 1083 505 1138 genere,
524 1071 684 1136 arrogantia
698 1076 727 1120 et
743 1078 903 1138 contemptu
949 1077 957 1084 “

104 1151 274 1202 ceterorum,
289 1140 404 1192 fluentia
423 1143 451 1188 et
464 1137 575 1188 dicendi
589 1143 617 1186 et
630 1135 752 1188 faciendi
770 1137 903 1204 quidquid

105 1204 395 1272 collibuit,·distingui
407 1205 440 1255 ab
456 1203 518 1256 aliis
533 1203 656 1266 soleant,
673 1203 717 1254 hic
731 1218 796 1254 suos
810 1204 851 1252 ita
862 1205 902 1254 in-

103 1278 248 1337 stituerat,
262 1279 293 1325 ut
302 1272 379 1324 nulla
388 1285 418 1322 re
429 1271 517 1338 magis
528 1285 608 1336 quam
618 1270 756 1321 modestia
769 1269 904 1336 singulari
979 1283 981 1287 ’

106 1351 136 1396 et
145 1343 293 1410 praecipua
303 1338 419 1406 quadam
433 1338 616 1390 sanctimonia
629 1337 701 1388 ritae
715 1336 903 1402 evulgaribus

107 1411 340 1464 discernerentur.
374 1407 462 1471 Atque
475 1404 544 1456 haec
556 1405 693 1470 privatim.
727 1403 843 1454 Publice
857 1419 903 1454 au·

2 1456 3 1468 ¹
59 1526 62 1532 s
105 1485 164 1530 tem
182 1480 251 1542 quot
283 1477 420 1538 nautaque
434 1472 572 1524 beneficia
591 1469 744 1523 etinhanc
761 1463 905 1521 urbem'et

105 1547 137 1596 in
149 1549 238 1593 totam
251 1541 272 1590 C
293 1540 435 1592 ristianam
447 1538 644 1604 rempublicam
664 1537 796 1589 contulit‘!
817 1537 905 1588 Revo-

107 1610 182 1662 cavit
199 1614 322 1659 reterem
337 1606 556 1658 ecclesiasticam
572 1606 756 1672 disciplinam,
777 1619 847 1671 quae
865 1605 907 1656 ita

106 1679 164 1727 iam
182 1675 370 1735 obsoleverat,
389 1674 437 1724 rix
454 1679 486 1726 ut
500 1673 560 1724 eius
575 1673 723 1740 imaginem
737 1673 766 1722 in
782 1678 907 1723 veterum

107 1743 219 1808 scriptis
256 1753 480 1807 agnosceremus.
520 1741 688 1792 iudiciorum
719 1739 907 1802 severitatem,

107 1819 190 1876 quam
210 1809 265 1858 iam
283 1801 503 1874 improbissimus
523 1807 639 1873 quisque
660 1813 707 1858 aut
726 1806 839 1858 eludere
859 1812 908 1858 aut

107 1889 285 1944 perrumpere
299 1875 420 1935 solebat,
442 1872 598 1930 renovavit,
618 1888 733 1940 cumque
747 1872 907 1925 acrioribus

107 1941 239 1993 remediis
258 1955 342 2006 egere
355 1939 409 1990 hoe
428 1937 569 1990 saeculum
586 1939 735 2000 iudicaret,
753 1941 905 2006 propositis

106 2008 192 2060 etiam
213 2007 402 2058 acerbioribus
422 2004 578 2072 suppliciis,
603 2003 742 2056 hominum
762 2007 904 2057 libidinem

105 2074 305 2140 audaciamque
315 2073 443 2127 frenavit.
477 2072 507 2122 ln
518 2084 587 2138 quo,
603 2072 627 2121 si
637 2072 769 2137 quaeunt,
784 2074 832 2140 qui
843 2088 905 2124 eum

106 2147 139 2192 ut
149 2143 230 2206 nimis
240 2156 366 2193 severum
377 2155 409 2192 ac
421 2139 542 2205 rigidum
556 2136 667 2203 culpare
683 2138 816 2202 audeant,
830 2147 858 2191 et
873 2146 905 2191 ut

58 2243 63 2250 .
87 2221 89 2228 ‘
106 2208 207 2260 molles
217 2208 326 2274 aegroti
337 2207 370 2258 de
380 2206 642 2258 medicamentorum
651 2205 777 2256 amaritia
784 2221 904 2273 colique·

105 2281 216 2336 rantur,
233 2273 431 2326 laoereidnon
441 2277 570 2339 possunt,
589 2272 654 2338 quin
665 2270 790 2322 eudemo
811 2274 904 2325 erade

105 2341 291 2406 suanequitia
303 2347 331 2390 et
340 2341 453 2392 levitate
463 2339 611 2390 fateantur.
636 2336 714 2390 'Nam
731 2337 755 2388 si
770 2289 903 2392 adversus
924 2351 929 2358 ’

107 2415 257 2460 extraneos
267 2413 373 2457 tantum
383 2408 560 2458 severitatem
570 2404 708 2465 adhibuit,
722 2405 751 2454 in
765 2421 795 2456 se
813 2413 906 2456 autem

107 2481 138 2528 et
150 2474 179 2524 in
190 2489 258 2524 suos
270 2474 403 2526 remissus
419 2479 501 2539 atque
514 2473 661 2538 indulgens
675 2470 742 2535 fuit,
762 2478 820 2523 tum
838 2487 905 2523 sane

107 2539 160 2592 hos
170 2538 386 2607 reprehensores
396 2541 551 2602 audiamus;
570 2539 613 2590 sin
624 2546 652 2591 et
661 2539 736 2590 dorni
746 2538 864 2600 etforis,
877 2545 906 2590 et

106 2608 212 2658 moues
224 2612 252 2658 ot
261 2607 290 2658 in
300 2607 408 2658 alienor
421 2609 466 2659 sui
481 2622 511 2659 se
525 2605 643 2660 similem
656 2604 795 2671 praebuit,
815 2619 905 2673 neque

108 2683 272 2742 quemquam
280 2687 368 2742 usque
380 2687 414 2728 eo
424 2689 517 2727 carum
526 2672 668 2736 habuitut
677 2671 712 2726 ad
722 2674 782 2728 eius
791 2679 907 2744 peccata
961 2696 963 2707 =
