2146 3008
12 203 17 211 ,,
204 202 258 215 ..
368 139 523 194 ORATIO
545 137 651 194 xxvl.
759 146 768 156 ‘
856 139 907 194 265

39 261 41 266 ’
110 247 249 312 discebat,
260 239 317 301 nen
326 249 382 297 tam
393 245 520 310 accipere
531 241 699 309 amagistris
713 243 792 308 qoam
802 239 862 307 ipse
873 253 908 294 ex

23 327 24 330 ’
90 325 140 375 'se
151 329 248 382 parere
260 321 289 364 et
299 327 394 364 eorum
403 311 545 362 reminisci
559 309 760 378 quodammodo
772 323 804 358 ac
816 321 909 359 recor·

12 409 13 412 ¹
109 384 183 445 dari,
197 382 295 433 exilia
309 386 404 432 vetere
417 377 543 429 Platonis
559 377 738 438 sententiar),
756 374 907 425 videretur.
971 386 978 390 ·

12 507 13 510 ,
91 451 204 516 ,Mores
224 448 325 499 et'iam
343 453 400 497 tum
418 448 446 497 in
459 446 509 495 illa
522 446 622 496 aetatis
636 443 784 494 teneritate
798 455 908 508 graves,

12 545 14 554 ν
109 513 379 581 severi,.composlti,
392 518 421 564 et
430 511 608 564 humanitatis
620 517 711 562 tamen
722 523 754 560 ac
764 507 908 559 facilitatis

22 592 27 650 ζ
58 609 60 612 ·
110 582 286 636 condimento
302 581 461 646 temperati,
474 586 506 630 ut
520 593 582 640 eos,
600 578 761 644 quibuscum
773 589 828 627 una
838 581 908 636 erat,

12 655 13 704 3
51 697 53 700 .
111 653 141 700 et
165 648 323 700 incredibili
343 647 458 714 quadam
477 646 649 714 iucunditate
669 643 832 694 conciliaret
855 641 910 692 sibi

50 760 51 765 ,
110 721 139 767 et
149 715 273 781 exemplo
286 729 336 766 suo
348 716 381 765 ab
395 715 468 764 omni
478 714 818 778 improbitate'revccarct.
853 707 908 759 lla·

108 782 192 849 nique
215 789 246 832 ut
268 783 296 832 in
319 779 496 830 herbescenti
518 784 645 844 segetum
666 772 808 829 'viriditate
832 783 910 828 certe

107 855 195 916 prope
214 863 278 912 spes
287 845 403 897 'futurae
417 844 516 894 messis
537 852 663 908 apparet,
683 845 723 894 sic
742 859 823 895 nemo
842 850 909 894 tunc

12 911 14 978 ζ
110 921 185 976 erat,
197 917 241 980 qui
253 927 308 963 non
320 925 381 961 eum
392 925 408 959 a
418 924 517 976 puero,
535 909 623 974 qualis
637 915 736 974 postea
744 911 810 972 fuit,
823 910 909 961 talem

12 979 13 994 ¹
39 1004 42 1008 ·
109 981 194 1032 lacile
205 981 387 1044 auguraretur
396 975 469 1028 lore:
487 977 599 1036 iustum,
610 972 757 1040 integrum,
768 977 909 1026 continen-

12 1073 13 1080 κ
83 1079 88 1084 ,
110 1053 180 1106 tem,
204 1043 401 1106 abstinentem,
424 1047 561 1092 amantem
584 1043 660 1107 pacis
680 1055 712 1091 ac
732 1042 909 1104 concordiae,

12 1141 13 1148 κ
110 1123 250 1170 veracem,
274 1115 413 1174 apertum,
436 1107 602 1175 simplicem,
623 1107 797 1158 ad'omnium
816 1111 909 1173 potius

110 1181 227 1248 peccata
253 1189 333 1241 quem
356 1175 397 1224 ’ad
424 1190 475 1226 sua
505 1175 706 1224 conniventem.
740 1174 909 1227 Litterarum

112 1243 205 1297 studia
224 1243 265 1292 ita
283 1242 414 1308 puerulus
435 1241 586 1304 adamavit,
605 1241 699 1306 itaque
715 1241 744 1290 in
764 1255 797 1291 eo
811 1248 910 1307 postea

105 1308 425 1378 'constanterffperstitim
442 1313 473 1359 ut
484 1308 513 1358 id
530 1321 612 1358 unum
626 1321 643 1356 a
655 1307 773 1373 publicis
787 1308 909 1373 negotiis
957 1365 962 1368 ,

12 1375 18 1397 ³'
114 1375 313 1441 deverticulum
324 1373 609 1442 perpetuchabuerit,
623 1379 666 1435 ut,
681 1374 814 1440 quidquid
824 1373 858 1423 ab
868 1376 909 1426 eis

12 1445 13 1450 ’
100 1444 230 1496 dabatur
243 1444 307 1504 otii,
322 1456 379 1504 sem
401 1453 431 1492 er
445 1443 473 1494 in
488 1441 589 1492 litteris
604 1455 684 1491 omne
699 1441 908 1506 consumpserit

113 1511 228 1578 Graecis
242 1510 329 1578 igitur
340 1457 487 1560 atzatinis
500 1509 601 1560 litteris
615 1508 745 1560 Lutetiae
760 1507 910 1574 diligenter

113 1579 255 1646 excultus,
274 1577 430 1644 ibidemque
449 1580 476 1628 in
493 1573 686 1642 philosophiae
705 1575 797 1626 studio
810 1587 910 1640 magna

112 1657 173 1697 eum
187 1659 253 1696 cura
267 1645 448 1708 exercitatus,
465 1644 597 1695 Tolosam
611 1658 642 1694 se
657 1645 693 1695 ad
705 1642 930 1709 percipiendam„

12 1701 13 1758 j
40 1751 42 1754 -
106 1713 354 1779 'lurisprudentiam
369 1712 498 1774 contulit,
516 1725 570 1778 quo
585 1713 613 1762 ln
624 1713 718 1763 studio
728 1717 821 1762 tantos
831 1709 909 1760 brevi

40 1837 44 1844 ,
101 1785 236 1845 'tempore
246 1793 411 1846 progressus
422 1779 535 1840 iecit‚ut
545 1777 634 1829 adbuc
644 1779 808 1830 adolescens
821 1775 909 1844 publi·

113 1861 144 1896 ce
156 1847 190 1898 dc
199 1851 318 1912 utroque
329 1844 389 1895 iure
401 1859 501 1910 magna
516 1859 577 1913 curn
592 1847 713 1896 omnium
726 1845 909 1896 admiratione
927 1856 929 1862 “

111 1910 408 1974 responderit„eosque
419 1907 539 1958 honores
551 1915 716 1961 consecutus
721 1947 730 1972 ,
741 1913 788 1977 qui
799 1912 907 1976 amplis·

12 1981 31 2036 f
110 1977 186 2036 simi,
200 1973 329 2027 conlecto
344 1974 499 2025 studiorum
514 1976 668 2038 curriculo,
681 1977 794 2026 decerni
806 1977 907 2040 solent,

17 2059 20 2064 ·
110 2040 270 2092 incredibili
285 2039 426 2097 hominum
449 2054 585 2090 concursu
604 2041 906 2096 ius'ciriledocuerit:

12 2129 36 2158 ¹..
111 2106 217 2160 cunrad
231 2121 294 2157 eum
306 2107 440 2156 inusitata
454 2105 571 2172 quadam
586 2103 696 2157 dicendi
711 2107 856 2168 facultate,
872 2109 906 2160 de

110 2173 237 2230 obscuris
248 2171 381 2234 dilucide,
396 2172 431 2231 de
442 2170 564 2222 confusis
575 2188 607 2223 ac
617 2173 785 2238 perturbatis
797 2175 906 2238 ordina·

20 2271 33 2312 .'
108 2243 159 2296 tim
175 2255 211 2294 a'o
230 2240 376 2306 disposite,
394 2239 428 2290 de
448 2237 539 2290 dubiis
559 2234 703 2290 enucleate
723 2239 916 2302 disserentem,

109 2310 194 2361 etiam
212 2308 246 2370 ii,
265 2308 312 2374 qui
326 2307 374 2357 diu
386 2319 561 2373 magnacum
583 2307 664 2358 laude
683 2305 845 2370 docuerant,
866 2307 905 2358 di·

108 2377 206 2428 scendi
226 2389 325 2427 caussa
345 2375 469 2441 quotidie
485 2375 678 2424 convenirent.
712 2373 779 2424 lnde
799 2387 861 2426 cum¹
877 2376 906 2424 in
973 2407 977 2422 ,

110 2443 201 2494 aulam
215 2443 321 2509 regiam
336 2444 469 2506 venisset,
484 2439 524 2490 ita
538 2441 632 2492 statim
645 2439 769 2491 Henrico
783 2440 905 2492 secundo

109 2507 193 2576 Regi,
217 2510 275 2560 acri
293 2523 325 2560 ac
343 2509 499 2577 perspicaci
517 2507 693 2576 ingeniorum
712 2508 906 2571 existimaturi,

138 2605 159 2658 ¹)
174 2603 264 2654 Platon.
273 2601 371 2646 Phaedr.
383 2617 402 2646 e.
414 2609 446 2648 18.
457 2602 504 2658 (ed.
513 2602 570 2660 bip.
581 2614 631 2658 pag·
643 2601 702 2658 165.)
713 2600 741 2646 cf·
751 2600 861 2647 Menonc-
872 2599 905 2644 1⁵.

12 2697 20 2722 χ,
111 2659 237 2705 (licTusc
248 2665 269 2703 1.
279 2663 311 2703 24.
323 2660 372 2704 cat.
383 2662 435 2706 mai.
445 2663 480 2703 21.
491 2663 550 2703 extr.
561 2670 563 2678 ·
631 2703 633 2708 ,
