2146 3008
184 151 235 204 m
482 147 632 198 tinnulo
650 147 735 201 XXl.

186 247 346 318 eloquentia
357 251 414 311 ast,
424 247 533 300 auditas
544 257 628 300 voees
638 250 741 300 iterare
751 247 927 314 dessidere,
940 265 988 303 ue·

185 333 239 386 que
253 316 400 383 quidquam
413 329 532 382 unquam
546 316 640 367 dicere
656 317 729 382 quod
744 318 780 368 sit
791 330 858 367 vere
875 331 909 368 ae
924 331 989 384 pro·

185 386 246 453 pria
255 391 342 434 tuum.
376 383 458 432 Aliud
469 383 574 450 antiqui
582 383 719 434 vocabant
727 383 927 450 eloquentiam:
939 384 986 451 qui

185 452 241 502 nisi
251 450 298 517 qui
308 451 343 502 de
353 449 481 502 civilibus
492 450 614 516 negotiis
628 454 724 500 ornate
738 463 771 501 ae
783 450 898 516 copiose
908 449 986 518 loqui

184 522 295 585 posset,
307 517 354 582 qui
364 516 482 567 dicendo
493 515 599 566 animos
611 517 779 568 audientium
789 516 928 578 flecteret,
939 517 986 582 qui

186 583 397 634 admirationem
408 583 623 649 concitaretqm
632 584 715 634 modo
726 584 861 634 clamores
870 583 985 642 faceret,

185 649 270 702 modo
284 647 478 700 circumfusam
494 649 699 700 multitudinem
711 655 824 716 stupore
840 650 984 716 deligeret,

185 716 323 768 neminem
344 716 518 783 eloquentem
537 717 683 767 uoeahant.
717 717 813 784 ltaque
831 717 879 784 qul
895 730 924 767 so
945 717 985 770 di·

186 781 270 834 uendi
281 783 432 850 magistros
442 782 656 847 profitebantur,
669 783 756 834 multa
769 785 804 834 da
817 785 924 834 ratione
943 797 985 833 ar-

183 850 378 920 gumentandi,
391 851 479 900 multa
492 849 526 900 de
540 851 686 902 virtutibus
699 865 731 901 ae
744 851 832 912 vitiis,
850 850 938 900 multa
950 849 984 900 de

237 917 406 968 motionibus
417 916 514 978 animi,
529 918 616 968 stulta
625 917 661 968 de
671 923 794 968 veterum
804 917 985 972 institutisao

199 983 311 1050 egitur,
327 984 415 1034 multa
429 983 462 1034 de
477 983 586 1034 ratione
596 984 826 1035 instihrendarum
840 997 872 1034 ao
886 983 984 1050 guber-

99 1116 102 1121 ·
186 1051 338 1102 nandarum
357 1052 497 1102 civitatum
517 1049 707 1117 disputabant,
732 1065 817 1118 seque
836 1055 985 1117 propterea

186 1131 244 1170 nun
258 1117 385 1170 rhetoras
400 1125 459 1180 aut,
473 1124 613 1184 quautam
623 1120 727 1170 usitata
736 1125 796 1169 erat
804 1119 926 1184 ipsorum
940 1131 984 1184 ap-

186 1185 314 1253 pellatio,
324 1181 473 1252 sophistas,
484 1185 534 1236 sed
545 1185 712 1252 gloriosiore
723 1201 755 1237 ac
767 1184 985 1252 magnificentio-

79 1249 83 1257 '
186 1253 677 1320 renominepolitioosnominabant.
704 1253 798 1320 inquo
810 1252 860 1303 etsi
872 1251 984 1302 ooshri-
1054 1311 1055 1326 χ

188 1320 336 1385 stoteles*)
357 1321 496 1387 coarguit,
518 1320 579 1386 ipse
597 1325 689 1372 tamen
709 1319 805 1382 docet,
827 1317 984 1370 rhetoricen

188 1388 319 1454 quiddam
332 1401 395 1439 esse
409 1401 444 1438 ex
459 1387 605 1438 ffialeotiea
619 1396 696 1438 etex
710 1386 826 1452 politica
838 1384 985 1438 conflatum
1052 1407 1055 1416 -

188 1458 272 1519 atque
286 1455 470 1515 commistum,
484 1460 594 1518 etopus
609 1453 762 1504 rhetorices
773 1467 836 1502 esse
847 1453 898 1514 ait,
912 1451 948 1502 iis
958 1451 987 1501 in

188 1519 272 1572 rebus
290 1521 429 1580 omnihus,
443 1533 514 1584 quae
532 1520 561 1567 in
572 1517 809 1568 oonsultationem
828 1518 976 1579 eadunt,o
1054 1527 1055 1590 l

189 1587 264 1638 mnia
273 1588 379 1644 videre,
396 1598 465 1648 quae
476 1583 510 1631 ad
520 1583 601 1630 iidem
612 1578 766 1634 faciendam
777 1584 989 1636 accommodata
1054 1603 1055 1652 l

190 1658 263 1705 sunt.
296 1651 396 1700 Tribus
410 1652 500 1695 autem
513 1645 668 1708 praecipuis
681 1643 816 1706 capitibus
830 1643 883 1694 hoe
897 1653 989 1700 conti.
1012 1673 1014 1676 -

96 1745 98 1749 ·
189 1719 251 1772 neri
262 1718 308 1767 ait:
328 1717 352 1764 si
364 1715 404 1760 ita
413 1711 548 1769 dieamus,
559 1713 600 1770 ut,
616 1709 663 1776 qui
673 1707 799 1773 audiunt,
808 1709 898 1762 bonos
908 1713 994 1770 viros
1054 1697 1055 1784 l

190 1788 253 1836 esse
266 1795 316 1830 nos
331 1778 487 1842 opinentur3
502 1775 527 1824 si
541 1788 636 1826 eorum
650 1775 734 1842 animi
745 1783 837 1830 motus
852 1781 988 1847 quosdam

190 1841 390 1910 concipiantad
400 1839 430 1890 id
440 1841 515 1906 quod
524 1842 650 1897 volumus
661 1844 834 1896 alliciendum
845 1853 928 1916 atque
940 1851 987 1901 ob·

188 1911 331 1979 tinendum
344 1911 583 1975 accommodatos,
600 1915 624 1964 si
635 1913 677 1976 id,
693 1913 767 1980 quod
778 1915 896 1980 probare
909 1918 987 1970 volu·

145 2023 149 2027 .
189 1982 261 2038 mus,
276 1981 324 2028 aut
337 1979 555 2030 demonstremus
570 1987 619 2034 aut
631 1983 820 2033 demonstrare
835 1982 986 2036 videamur.

188 2045 226 2098 Ut
236 2049 328 2096 autem
339 2045 514 2110 dialecticus,
524 2061 580 2098 non
589 2049 638 2100 iile
649 2064 684 2102 ex
694 2046 862 2101 scholastico
873 2050 987 2116 pulvere

182 2111 325 2165 elamator
336 2114 450 2165 odiosus
465 2129 497 2165 ae
510 2115 661 2180 molestus,
676 2117 724 2168 sed
738 2131 820 2167 verus
834 2132 866 2168 ae
881 2130 985 2185 germa-

190 2195 241 2232 nus
256 2181 432 2244 dialecticus,
447 2181 554 2234 duobus
569 2183 604 2234 ad
617 2183 787 2252 probandum
796 2185 985 2238 instrumentis

191 2252 289 2313 utitur,
310 2249 475 2318 syllogismo
496 2256 524 2300 et
536 2251 708 2302 inductione:
728 2251 768 2300 sio
783 2251 809 2300 ei
826 2265 938 2318 compar
955 2265 986 2302 aa

192 2319 317 2384 geminus
329 2324 358 2370 st
366 2319 395 2368 in
406 2316 535 2367 dissimili
545 2331 648 2382 genere
662 2317 816 2368 simillimus
828 2326 922 2369 orator
933 2318 986 2369 duo

191 2385 247 2437 alia
258 2384 353 2448 habet,
368 2399 438 2450 quae
451 2382 557 2434 duobus
567 2385 624 2436 illis
641 2398 676 2435 ex
688 2384 863 2452 alterapmte
873 2399 918 2436 res
939 2400 985 2436 on·

191 2451 288 2515 deant,
315 2449 503 2523 enthymema,
528 2451 602 2517 quod
620 2451 798 2518 syllogismo,
822 2399 984 2533 exempfum,

192 2517 445 2584 quodiaduotioni.
479 2517 533 2570 liis
548 2516 657 2573 duobus
676 2524 796 2571 amatus
810 2524 866 2584 ost,
880 2518 923 2571 hrs
938 2532 985 2588 pu·

227 2656 248 2711 ·)
262 2653 456 2711 auctentum.
