2146 3008
368 179 524 235 onnrro
542 178 643 248 xxrr.
719 181 729 185 ’
857 169 922 236 nr'

106 281 333 336 essedibussnis
342 282 466 348 virgines
475 281 656 346 Deosaorss3
676 281 797 350 &eptas
808 284 906 348 urbes3
958 317 961 322 -

105 365 218 416 cenrpos
228 353 370 400 merientes
381 350 530 415 sanguiuc3
550 349 696 402 fluviorum
706 366 803 402 cursus
813 349 906 402 buuru·

104 417 149 470 nis
166 415 329 482 corporibus
343 417 505 482 impeditos3
520 415 661 468 ludentem
677 417 907 480 excarnificandis

106 481 264 536 bominibus
277 482 435 546 soevitiam
451 481 593 536 feritatem
607 499 643 536 no
658 484 779 536 conditis
796 483 907 552 quidem

105 556 278 602 mortuorum
290 551 400 602 ossibus
414 564 447 600 ac
457 549 597 602 cineribus
608 551 800 604 abstinentem.
838 550 907 612 Quis
934 581 938 588 ›

82 619 84 622 ’
105 629 194 682 risque
205 629 238 666 eo
246 615 356 678 Gallici,
367 623 415 666 aut
424 617 519 683 potius
527 615 678 670 Christiani
687 619 805 670 nominis
816 615 907 668 hostis

4 691 6 744 l
107 691 163 746 est,
183 685 230 749 qui
248 683 298 734 illa
316 685 376 738 siue
396 683 528 750 lacrpusnis
547 684 672 751 aspicere
692 682 847 750 potuisset'l
883 681 906 734 0

108 749 215 812 Gallis,
227 748 331 812 Gallia,
340 755 384 800 tot
396 749 517 801 virorum
531 749 659 814 lortiunr,
673 757 716 802 tot
729 752 908 818 egregiorum

142 817 269 880 'ncipunn
279 821 322 868 tot
332 829 500 868 summorum
513 815 692 880 Pontificum,
704 820 750 884 qui
759 825 837 870 tanta
845 831 908 868 cunr

119 883 191 934 aude
200 881 398 934 ecclesiaeDci
406 881 595 946 praefuerunt,
604 885 717 949 perensl
732 885 907 945 tuncorsos,

127 963 180 1000 uae
193 954 349 1014 susceptam
363 961 381 996 a
393 945 496 998 Christi
515 953 544 998 et
557 949 752 1012 apostolorum
764 948 908 1016 discipulis

164 1031 191 1067 nr
206 1029 343 1082 nunquam
356 1017 457 1078 postea
471 1015 651 1065 deseruerusl
668 1031 738 1092 puae
752 1031 807 1068 non
821 1032 838 1067 a
853 1017 907 1071 tuis

107 1087 228 1143 unium,
248 1080 298 1132 sed
317 1079 490 1135 diodorum
509 1094 620 1146 quooue
636 1081 735 1132 iirubns
750 1081 908 1134 haereticos

107 1149 235 1214 aliosque
247 1145 341 1198 nostes
351 1145 629 1198 neronisehristisni
637 1154 692 1197 tam
703 1162 786 1214 saepe
796 1147 907 1214 depule·

107 1215 171 1270 rasi
201 1227 272 1279 quae
292 1212 446 1276 Europam,
461 1211 594 1272 Africam,
611 1213 718 1275 Asiam,
745 1215 833 1280 gestis
855 1228 905 1280 pro

109 1281 213 1334 chisti
232 1281 286 1331 fide
300 1276 383 1328 bellis
401 1275 619 1342 nobilitaverunt
634 1291 706 1345 quae
721 1279 853 1330 uiolatam
872 1279 907 1330 eb
947 1279 956 1288 '

107 1347 172 1400 aliis
182 1346 257 1396 sedis
268 1343 440 1409 apostolicae
451 1344 615 1411 dignitatern
624 1351 679 1396 tans
686 1346 906 1411 saeperestitue·

106 1408 171 1467 rasi
187 1419 243 1462 tear
257 1409 343 1462 iirnris
355 1411 503 1475 praesidiis
518 1411 662 1476 sepserssl
678 1417 735 1462 nm
752 1411 849 1462 multis
864 1425 908 1462 or·

107 1477 247 1532 nonensis
265 1473 418 1532 effecersel
433 1492 505 1544 ouen
522 1479 619 1530 urbem
632 1478 747 1530 Romans
768 1475 802 1528 nb
819 1477 908 1528 isauri-

57 1581 62 1586 ·
107 1545 186 1599 nenti
199 1543 363 1610 direptionis
376 1549 405 1596 et
419 1545 522 1596 excidii
534 1545 659 1612 periculo
672 1550 728 1595 tarn
738 1557 826 1610 saepe
839 1542 908 1594 libe·

105 1611 237 1666 rnrerasi
254 1609 328 1664 Vere
341 1611 414 1665 enirn
427 1610 493 1675 hoc,
510 1613 673 1664 beatissime
686 1610 787 1674 Peter,
800 1624 866 1662 rere
880 1615 910 1662 et
988 1643 992 1648 1

107 1681 170 1732 nine
188 1680 349 1746 cuiusquam
368 1679 469 1732 iniuria
486 1680 604 1748 gloriari
621 1693 780 1746 possumus,
800 1677 909 1730 duabus

107 1749 259 1813 praecipue
270 1745 398 1801 laudibus
412 1745 538 1800 homines
551 1753 677 1809 nostros,
691 1753 757 1812 post
768 1743 909 1798 cinctura

107 1819 211 1876 uatum,
221 1819 667 1880 supraeeterasgentesperpetuo
676 1813 818 1866 floruisse:
833 1809 908 1880 ouorl

109 1888 138 1932 et
151 1879 324 1932 christianae
337 1877 483 1946 religionis
496 1895 554 1930 nou
571 1880 779 1934 conservandae
789 1885 908 1944 ‚tanturn

108 1946 160 1998 sed
170 1948 252 1998 etium
262 1944 457 2011 propagandae
468 1945 677 2008 studiosissimi,
689 1953 718 1997 et
727 1945 764 1998 ed
772 1945 908 2012 accipien-

109 2012 147 2064 dn
160 2013 254 2066 omnia
263 2027 359 2078 regum
375 2025 487 2062 suorum
497 2011 614 2075 imperia
622 2013 790 2076 paratissimi
800 2025 909 2076 semper

108 2078 230 2132 innunt.
266 2079 367 2138 Omnes
381 2084 474 2128 autern
487 2076 599 2128 illarum
610 2079 731 2144 pestium
743 2084 858 2130 conatus
873 2092 907 2128 eo

109 2145 313 2214 dirigebantur,
333 2151 364 2195 ut
378 2149 407 2194 et
423 2159 441 2196 a
452 2143 513 2196 Deo
529 2149 559 2194 ct
572 2157 589 2194 o
602 2157 671 2209 rege
684 2143 830 2208 obductam
844 2143 908 2195 Gal·

108 2211 188 2273 litun,
204 2217 311 2272 emunt,
325 2225 392 2278 quas
403 2210 473 2273 dixi,
487 2209 599 2263 laudum
612 2216 730 2275 utraque
745 2209 907 2274 spoliarent.

110 2279 227 2341 Quodsi
236 2284 381 2343 utrumque
391 2277 526 2343 consequi
535 2276 710 2343 ecperticere
720 2289 775 2326 uon
784 2283 909 2343 possent,
950 2297 953 2309 ·
983 2277 992 2282 ·

108 2352 186 2400 certe
200 2345 311 2413 quidem
326 2351 355 2394 ut
368 2359 429 2396 earn
442 2359 459 2396 a
472 2357 639 2398 sunsmoruru
652 2342 819 2394 Pontificum
832 2343 909 2406 cultu

108 2419 139 2466 et
152 2427 170 2463 a
180 2413 324 2466 nonnae
338 2425 372 2462 ac
386 2410 541 2465 catholicae
557 2410 697 2462 ecclcsiae
715 2409 908 2462 communione

108 2481 282 2532 divellerent.
315 2477 723 2545 Hocpraecipueinrbiberant,
738 2475 908 2544 bocspecte·
958 2532 965 2546 x

106 2547 186 2609 baut,
207 2545 276 2596 baec
294 2546 335 2596 eis
351 2559 370 2596 a
382 2545 520 2614 principio
531 2560 622 2609 orons,
640 2543 694 2596 boc
713 2544 859 2596 consilium
875 2557 911 2594 ac·

105 2615 280 2682 propositum
289 2609 352 2662 fuit.
370 2609 468 2678 Neque
480 2627 546 2664 sero
555 2612 762 2664 dissimulanter
771 2607 907 2670 ferebant,

107 2681 307 2747 conquieturos
315 2692 358 2744 se,
368 2682 406 2742 et,
414 2683 445 2730 ut
454 2678 540 2746 prius,
547 2679 625 2748 regis
633 2679 751 2798 ipppprio
759 2679 907 2750 parituros.
