2146 3008
314 164 649 220 -oanr10xx1v.
747 188 753 198 ¹
857 169 907 222 251

105 267 206 322 leviter
218 263 388 334 patefactae,
405 268 543 333 susceptis
553 282 570 318 a
579 267 681 321 carolo
690 267 771 336 regni
781 265 908 334 habenis,

101 342 201 403 'aperte
217 349 249 386 se
262 349 295 385 ec
329 334 453 401 ropalam
467 333 656 397 effundentes,
670 335 908 398 florentissimum,

107 404 170 454 dum
180 401 303 469 perillus
331 402 411 464 cuit,
427 401 535 454 Galliae
545 417 660 470 reguum
670 404 747 454 omni
756 403 863 456 scelere
874 419 909 456 ac

57 510 60 521 .
108 469 272 520 erudelitate
288 467 459 531 lacerarunt,
471 484 525 521 uon
537 469 632 520 tamid
646 471 761 536 agebat,
772 497 803 510 -
815 483 909 539 quem·

107 551 188 602 quem
200 535 229 586 ld
244 549 366 602 quoque,
379 564 411 574 —
422 543 453 589 ut
467 539 574 604 regiam
589 538 784 590 auctoritatem
798 537 908 590 convel-

108 604 191 660 leret,
221 615 302 668 quam
320 609 352 654 ut
369 617 486 672 regnum
504 604 542 654 eb,
559 604 696 660 ecclesiae
715 605 908 656 communione

6 719 18 744 ν
109 668 262 722 divelleret.
297 669 332 719 At
342 669 391 720 ille
402 671 533 738 generosi
544 671 657 722 seminis
667 671 845 733 adolescens,
859 669 909 738 qul

109 749 230 786 amorem
238 734 293 787 Dei
306 741 335 786 et
344 735 481 788 ecelesiae
495 737 633 804 cumipse
647 739 764 790 nutricis
776 737 850 788 lecte
864 752 909 788 su-

108 803 321 868 xissettotaque
333 808 426 852 mente
440 803 550 867 penitus
565 805 758 866 combibisset‚
778 803 909 856 articula·

109 871 157 920 tim
168 868 284 932 seprius
295 868 406 918 concidi
416 882 449 917 ac
460 869 608 919 comminui
617 883 716 935 passus
728 878 815 932 esset,
827 885 910 937 quam

82 939 91 960 ⁵
109 941 217 988 aresta
234 933 284 984 illa
302 947 332 984 re
353 933 400 982 ule
418 935 526 998 petrice
545 940 574 983 et
591 935 682 998 avitae
701 937 848 1002 religionis
863 937 911 988 eb-

109 999 181 1052 duei.
216 997 313 1065 ltaque
327 949 391 1050 funi
405 1012 524 1114 purgare
537 1012 654 1066 regnum
667 1017 746 1056 suum
759 1004 816 1054 illis
827 1003 911 1069 pesti-

109 1069 160 1118 bus
171 1065 282 1128 uititur‚
297 1065 361 1116 dum
371 1065 448 1116 illius
479 1065 567 1131 ydrae
580 1067 646 1116 etin
660 1083 737 1118 suam
753 1075 781 1120 et
791 1069 912 1121 aliorum

110 1131 261 1202 perniciem
289 1131 461 1182 contumacis
486 1131 598 1182 assidue
621 1136 798 1185 renascentia
819 1136 913 1201 capita

110 1203 252 1266 amputare
262 1204 387 1261 conatur,
401 1198 620 1265 quatuordeeim,
631 1225 664 1239 ·-·
673 1205 717 1250 tot
726 1201 798 1252 eninr
812 1215 911 1267 regna

109 1268 148 1320 uit
162 1291 194 1303 -
207 1279 294 1316 annus
313 1265 343 1315 in
360 1263 502 1332 perpetuis
523 1263 662 1316 bellorum
683 1265 813 1318 fluctibus
834 1275 863 1318 et
881 1268 912 1320 iu

2 1358 9 1378 .
107 1338 242 1402 perpetua
257 1331 383 1399 regniac
399 1333 472 1382 vitae
487 1346 553 1382 suae
567 1332 746 1414 dimicatione
759 1334 911 1400 transegitr

108 1409 152 1465 ut,
163 1400 216 1451 nisi
228 1399 423 1466 pulcerrimum
432 1397 502 1450 illud
513 1396 743 1450 Chnstranrssrmr
754 1412 911 1466 cognomen

108 1484 125 1520 a
134 1466 286 1519 maioribus
296 1467 354 1518 suis
364 1464 562 1517 hereditarium
573 1466 737 1532 accepisset,
745 1465 775 1516 id
785 1467 846 1532 ipse
856 1465 911 1516 sibi
1008 1495 1012 1500 ·

106 1534 284 1604 posterisque
294 1535 352 1586 suis
362 1549 413 1586 sua
421 1533 524 1584 virtute
534 1533 698 1601 peperisset.
734 1532 911 1595 Quinetiam,

109 1617 171 1654 cum
190 1602 323 1668 capitales
343 1602 454 1669 quidam
470 1615 503 1652 ee
518 1599 618 1652 nefarii
634 1598 760 1652 homines
776 1600 911 1661 dicerent,

108 1669 219 1722 facilem
240 1669 267 1720 ei
289 1683 351 1722 esse
373 1675 402 1721 et
421 1669 578 1738 expeditam
600 1667 672 1718 uiam
696 1683 751 1720 non
771 1667 911 1720 modoad

108 1736 261 1806 pacandum
279 1751 395 1804 regnum
414 1753 505 1800 suum,
526 1737 578 1788 sed
593 1737 677 1788 etiarn
691 1735 726 1787 ad
744 1735 814 1787 lines
832 1735 911 1788 illius

109 1805 169 1856 sine
187 1803 246 1854 ullo
264 1802 362 1856 labore
386 1801 596 1869 amplificandos
615 1818 647 1854 ec
665 1801 863 1870 proferendos,
885 1801 912 1854 si

108 1869 251 1922 remittere
270 1867 376 1934 aliquid
395 1869 429 1918 de
450 1875 528 1918 muto
548 1869 598 1920 illo
619 1876 744 1921 vetustae
763 1870 911 1938 religionis

110 1932 316 1987 conservandae
330 1931 423 1983 studio
433 1933 531 1983 vellet:
550 1949 650 2000 magno
663 1939 754 1987 aninro
766 1942 910 1988 auersatus

52 2017 60 2024 ·
110 2015 144 2052 ac
164 2000 319 2051 detestatus
334 1997 447 2048 illorum
458 1999 589 2062 consilia,
605 2015 699 2053 omnes
714 2002 768 2053 sibi
782 2017 911 2065 coronas,

111 2066 204 2120 omniu
219 2078 317 2130 regna,
332 2063 425 2115 onmia
438 2063 556 2130 imperia
569 2065 683 2117 sordere
698 2067 769 2117 dixit
782 2083 848 2133 prae
861 2069 912 2119 illa

107 2131 327 2187 immortalitatis
338 2143 457 2191 corona,
472 2145 553 2196 quem
563 2130 618 2179 sibi
628 2130 658 2180 in
668 2133 749 2183 eoelu
758 2146 790 2184 re
810 2137 911 2186 ositarn
927 2134 929 2138 ’

110 2213 173 2253 esse
188 2195 360 2260 confiderete
370 2209 486 2261 eumque
500 2210 562 2247 eum
577 2197 773 2264 exaggeranda
789 2149 911 2250 guitinus

108 2265 286 2321 multitudine
297 2277 329 2315 ce
343 2260 448 2314 viribus
460 2262 680 2330 perterrefacere
692 2265 805 2330 uellent,
816 2264 911 2318 Domi·

110 2349 172 2413 nus,
201 2331 306 2410 inquit,
336 2327 469 2382 Dominus
493 2328 549 2398 s'pee
576 2346 620 2383 eos
646 2330 791 2400 interficiet
814 2332 912 2402 spirite

109 2415 224 2456 creseus.

142 2467 234 2534 Prope
249 2477 483 2532 supervacaneum
499 2463 588 2518 videri
605 2470 711 2534 potest,
728 2481 789 2518 cum
803 2467 838 2520 de
851 2471 909 2522 tam

108 2533 269 2587 christiano
284 2533 408 2601 principe
419 2534 503 2586 verbe
512 2533 627 2597 faciam,
642 2540 744 2601 quanta
752 2534 829 2588 illius
840 2549 909 2604 erga

110 2603 205 2656 sedent
216 2600 399 2668 apostolicam
410 2602 587 2654 observantia
595 2601 693 2666 luerit,
708 2601 810 2656 dicere.
846 2603 908 2664 (luo

108 2671 182 2726 euiur
196 2672 312 2740 quisque
323 2666 462 2730 Christum
476 2671 566 2740 ipsum
577 2671 700 2724 sanctius
711 2675 740 2724 et
749 2671 908 2748 religiosius
