2146 3008
353 209 505 262 oaurro
524 178 647 265 xxm(
841 203 903 266 sss

89 308 219 382 gravibus
234 308 323 377 culpis
335 315 392 362 tam
407 311 563 363 diuturnam
573 313 602 363 ln
612 325 644 364 se
656 311 726 364 iram
740 317 816 364 tuam
827 311 892 365 (ial-

89 383 127 434 lia
145 378 324 498 provocavitl
342 378 559 460 quatuordeeim
577 380 632 431 iam
643 381 717 430 enni
736 386 842 431 suntet
856 395 891 432 co

90 464 149 514 amp
163 463 215 527 rus,
228 461 289 525 cum
298 445 367 496 illud
376 446 601 511 potentissimum
612 448 892 528 etmemorla'npstrs
927 514 932 522 Ι

91 513 893 648 iii‘iiitiiiiiiiiriltiitizliiiiiiiiii}

90 655 121 698 ut
134 650 167 699 de
184 662 217 697 eo
237 647 291 696 iam
312 645 368 696 dici
386 643 489 712 possit,
509 643 584 712 quod
604 647 737 713 scriptum
757 653 800 698 est
820 645 895 714 apud
997 647 999 654 “

5 757 7 766 s
90 713 263 782 prophetam:
293 711 439 764 Bariduum
467 729 563 764 erucas
589 713 705 764 comedit
724 714 840 776 locusta,
865 719 893 764 et

90 780 227 832 residuum·
239 781 357 833 locustae
371 778 486 832 eomedit
498 778 625 842 druclm,
644 787 671 831 et
684 779 817 832 residuum
832 780 892 832 dru-

91 846 137 900 cis·-
148 847 261 899 comedit
277 846 374 916 rubigo
385 851 421 912 *).
455 848 545 914 Atque
558 852 590 897 ut
605 847 694 914 magis
708 845 892 915 intelligatur,

90 912 118 966 id
129 915 221 966 divina
230 915 336 966 ultione
347 915 420 977 fiori,
437 915 549 982 quoties
564 913 633 963 inibi
647 927 710 974 esse
725 913 847 975 videtur,
861 919 894 964 ut

90 983 144 1032 lam
165 983 274 1046 iamque
294 988 496 1046 componantur
511 995 544 1032 ac
561 980 778 1046 tranquillentur
791 979 893 1048 omniu,

88 1047 203 1113 inipso,
216 1054 247 1098 ut
258 1049 298 1096 ita
308 1047 409 1108 dicam,
424 1054 506 1114 portu
519 1046 580 1100 tran
604 1047 755 1106 'turcanis
788 1045 845 1098 Pro
883 1073 894 1086 ·

89 1120 166 1166 rarat
184 1113 322 1164 ilenricus
333 1113 366 1163 ll.
391 1128 486 1178 pacem
500 1131 562 1168 cum
601 1112 707 1182 hilippo
719 1127 787 1180 rege
799 1127 831 1166 ca
865 1126 894 1162 o·

90 1179 147 1232 lico
161 1177 331 1244 quibuslibet
341 1179 547 1232 conditionibus
562 1179 669 1243 lacere,
684 1184 727 1241 ut,
746 1178 892 1247 expeditus

89 1245 158 1298 belli
169 1246 253 1307 curis,
264 1241 345 1294 liuius
354 1245 420 1296 moli
429 1247 571 1297 nascentis
581 1249 688 1298 semina
697 1247 825 1298 elideret
860 1245 892 1297 ln

88 1313 151 1381 ipso
171 1313 231 1363 eius
245 1311 286 1361 rei
301 1318 403 1362 conatu
416 1327 448 1364 ac
466 1313 625 1377 molitione,
644 1315 788 1380 inopinata
800 1318 892 1364 morte
998 1365 1005 1374 ,

5 1377 8 1394 ’
88 1380 215 1434 sublatus
235 1383 287 1430 est.
323 1376 379 1428 Sub
398 1378 548 1431 Francisco
563 1380 597 1431 ll.
617 1381 825 1447 conspiratione
844 1380 891 1431 de-

16 1446 23 1460 '
88 1453 177 1508 tectu,
192 1459 255 1511 spes
273 1443 470 1507 oblectamur,
485 1443 612 1509 iore,ut‚
625 1460 777 1515 paucorum
789 1446 891 1513 suppli-

89 1515 150 1576 cio,
168 1519 326 1564 ceterorum
340 1512 458 1562 audacie
467 1512 497 1561 in
508 1518 671 1578 perpetuum
683 1515 890 1581 reprimeretur.

88 1582 159 1632 Ante
169 1580 228 1646 ipse
239 1585 364 1630 mortuus
375 1583 518 1647 estunam
529 1579 564 1630 de
575 1580 701 1630 sontibus
712 1579 892 1648 eomprehen-

89 1649 129 1700 sis
144 1645 308 1713 supplicium
322 1653 486 1697 sumeretur.
522 1645 601 1700 Nunc
616 1647 758 1713 nupcr**)
780 1662 813 1698 eo
831 1660 891 1710 rem

88 1714 258 1782 perduxerat
268 1711 385 1763 Carolus
400 1713 459 1774 lx,
472 1721 605 1765 momnes
618 1715 723 1764 instare
737 1714 819 1764 tinem
834 1727 889 1762 nra·

7 1821 9 1836 .
88 1783 180 1836 lorum
190 1780 390 1833 existimarent.
424 1780 513 1830 Aliter
522 1781 584 1830 Deo
596 1781 684 1830 visum
695 1784 746 1842 est,
757 1780 805 1845 qul
814 1779 889 1830 ilen-

88 1849 149 1902 rico
160 1848 207 1899 lll.
222 1847 331 1898 Galliae
348 1851 377 1896 et
391 1845 526 1897 Poloniae
542 1848 617 1910 regi,
632 1861 715 1912 quem
728 1851 785 1896 tam
794 1845 890 1896 multis

88 1921 202 1980 tumque
214 1913 370 1965 illustribus
384 1912 553 1978 argumentis
568 1911 623 1960 sibi
635 1911 808 1961 carissimum
827 1925 890 1962 esse

90 1980 256 2041 declaravit,
269 1976 525 2039 hancielicitatem,
535 1981 733 2042 dispereamus,
746 1989 890 2028 reservare
984 2013 987 2022 .

88 2046 196 2098 maluit.
230 2043 328 2111 Neque
346 2046 460 2097 dubium
475 2050 532 2105 est,
547 2040 601 2093 lnoc
617 2044 658 2092 ita
674 2049 848 2104 eventurum,
866 2042 894 2094 si

89 2127 248 2166 omnesnos
259 2113 360 2164 avitiis
376 2112 479 2164 nosuis
495 2111 600 2172 aversi,
616 2123 686 2177 quae
696 2108 749 2160 liei
762 2108 892 2174 placandi

89 2181 247 2232 certissima
267 2179 342 2229 ratio,
364 2183 420 2241 est,
446 2183 508 2228 tota
526 2182 619 2226 mente
644 2181 839 2227 convertemur
855 2175 892 2226 ad

87 2247 180 2299 Deum
196 2259 314 2314 eumque
333 2246 445 2296 assidua
467 2245 657 2304 obsecremus,
680 2249 711 2293 ut
731 2249 892 2308 compescat

88 2316 160 2366 iram
173 2319 302 2375 suamet,
323 2312 431 2378 quando
448 2310 577 2363 carolum
591 2313 622 2362 in
634 2312 735 2372 sinum,
754 2315 786 2360 ut
798 2323 892 2376 speru-

86 2397 160 2444 mus,
174 2393 253 2431 suum
264 2382 386 2448 excepit,
396 2380 514 2430 ilenrici
523 2379 569 2429 lll.
581 2378 674 2440 ductu,
688 2377 739 2429 sub
750 2376 889 2444 Gregorio

88 2447 163 2500 lllll.
177 2451 305 2514 raptores
325 2447 437 2516 quidem
454 2447 537 2518 lupos
549 2447 686 2512 interfici,
701 2460 768 2499 oses
787 2449 888 2507 autem,

124 2578 147 2634 ⁶)
160 2575 211 2622 Ioel
223 2583 241 2621 1.
250 2582 272 2623 4.

115 2667 148 2724 ⁶¹)
162 2667 258 2714 Terent.
267 2670 369 2716 Errnuelr.
380 2670 438 2730 prol.
446 2686 480 2717 vs.
490 2675 511 2718 9.

197 2722 260 2772 ldcm
270 2729 392 2775 idmsndri
401 2729 500 2775 Pisum
509 2741 569 2776 aune
577 2741 650 2788 nuper
659 2730 729 2776 dedit.
