2156 3008
208 207 256 259 lot
477 197 632 256 oRa'Tto
650 203 730 257 XIV.

99 365 101 370 ,
198 305 367 378 pectoribus
386 306 593 358 accenderetur.
630 305 753 372 cumque
769 317 858 371 aeque
874 304 1000 356 sacerdo·

205 383 263 438 tes,
288 389 358 442 quos
377 387 471 425 secum
491 373 656 434 adduxerat,
680 369 853 423 Litnanioana
871 371 999 437 linguans,

207 456 296 509 neque.
306 441 419 495 Liiuani
428 439 513 490 ullam
523 439 605 489 aliam
615 439 705 489 intelli
727 444 816 500 erent,
826 441 944 504 ipsemet
952 451 999 490 eos

208 523 340 559 summam
353 505 419 556 iidei
432 512 546 556 nostrae
562 505 596 556 ab
612 453 748 570 apostolis
764 504 906 566 traditam,
923 519 999 570 quana

208 573 363 640 symbolum
373 587 516 634 vocamus,
529 572 590 637 ipse
601 570 748 622 formulam
759 571 890 638 precandi
899 585 916 620 a
926 569 999 622 Chri·

207 649 251 690 sto
262 641 325 689 lesu
333 639 500 701 institutam,
513 640 574 704 ipse
588 644 694 700 cetera,
709 652 780 704 quae
790 638 899 688 discere
910 637 1000 688 solent

205 707 239 768 ii,
253 719 322 772 quos
333 703 552 756 Catechuntenos
564 717 707 766 vocamus,
720 707 749 754 in
758 703 932 756 Lituanicum
944 718 999 754 ser·

204 784 315 822 monem
334 777 498 821 convertens
518 785 607 837 nuque
624 771 711 822 ullum
730 772 759 822 in
776 785 812 822 ea
828 784 859 822 re
877 770 999 822 laborent

171 841 172 844 ’
206 837 411 905 subterfugiens
425 837 569 888 edocebat.
605 837 798 905 Oregenrran'
813 842 842 888 et
852 836 999 904 singularis

165 943 169 950 ,
207 905 337 970 exempli!
358 919 374 954 o
386 904 514 963 ardorem
524 905 607 954 animi
617 904 897 956 commensurabilem
915 918 931 953 o
944 905 999 968 pie·

205 977 292 1022 tatem
306 971 431 1022 omnibus
445 971 564 1021 saeculis
575 971 799 1036 praedicandam!
816 971 999 1037 ltaigiturin·

207 1037 357 1088 flammavit
369 1037 550 1088 Litnanornm
563 1039 683 1100 animos,
695 1044 728 1088 ut
740 1038 776 1088 ad
788 1037 879 1089 danda
890 1035 1000 1088 Christo

206 1105 320 1156 nomina
331 1110 360 1156 et
369 1105 404 1155 ad
417 1109 622 1156 sacrosanctam
631 1105 706 1162 illam
716 1119 805 1172 aquae
814 1104 1000 1170 aspersionem

207 1172 398 1223 sinrui'omnes
407 1169 483 1222 iacto
497 1171 608 1238 agmine
620 1179 831 1234 concurrerent,
846 1170 1001 1236 sequclon·

207 1240 315 1306 giorern
330 1253 435 1290 morant
448 1239 506 1305 pati
519 1253 575 1290 non
588 1253 674 1306 posse
686 1239 845 1290 clamarent.
879 1235 1000 1304 ideoque

206 1305 276 1356 solis
295 1305 433 1356 nobilibus
451 1305 610 1372 singulatim
623 1306 784 1372 baptizatis,
803 1309 897 1356 cetera
910 1304 1001 1356 multi·

206 1373 274 1423 tudo
293 1372 366 1422 idem
386 1379 585 1423 sacramentum
604 1373 769 1422 cateruatim.
780 1371 928 1422 distributa
942 1385 1002 1422 sus·

204 1440 289 1504 oepit.
325 1439 399 1500 Quid
410 1453 463 1506 ego
474 1453 545 1489 nunc
554 1443 754 1489 exstructarum
767 1437 847 1486 abeo
861 1451 1002 1488 sacrarum

205 1507 316 1556 aedium
330 1506 547 1566 multitudinem,
578 1503 627 1552 uid
643 1502 801 1552 divitiarum
815 1502 1004 1556 ecclesiastici

208 1572 314 1623 ordinis
333 1571 491 1622 hominibus
508 1575 571 1618 attrr
592 1573 699 1616 utam
718 1565 934 1630 magnitudinem
956 1584 1003 1622 ex.

206 1638 322 1705 ponant
346 1638 417 1698 Quid
434 1639 578 1698 susceptos
594 1634 623 1681 in
639 1630 791 1695 Samogitia
806 1630 844 1679 ad
860 1627 1004 1690 Christum

205 1705 377 1757 traducenda
386 1701 495 1751 labores
506 1705 533 1747 et
545 1697 620 1746 obita
630 1695 725 1746 eadern
734 1695 785 1746 iila
792 1709 918 1761 munera,
928 1715 1003 1768 quae

206 1771 234 1821 in
249 1769 379 1822 Litunnia
393 1763 515 1815 obierati
534 1762 606 1813 illud
618 1775 684 1812 varo
698 1764 812 1814 minime
822 1771 1002 1830 praetercun-

207 1838 333 1894 domest,
344 1830 417 1897 quod
427 1843 461 1879 ne
471 1829 606 1897 regnandi
616 1829 726 1898 quidem
735 1831 871 1894 suavitas,
880 1836 1003 1886 maxima

204 1901 337 1954 illecebra
346 1895 490 1965 peccandi,
503 1911 572 1964 quae
583 1911 781 1963 saepenumero
791 1899 893 1950 indultos
904 1901 1002 1952 adver-

205 1983 251 2019 sus
262 1966 317 2014 ulia
325 1965 416 2013 omnio
425 1965 492 2015 satis
502 1965 596 2016 iirruos
606 1965 732 2028 abstulit,
747 1966 831 2017 ullam
842 1967 893 2018 rim
904 1965 1003 2020 habuit

203 2034 239 2083 ad
253 2029 408 2082 Vuladislai
422 2031 503 2082 iidem
522 2045 554 2082 ac
571 2034 755 2084 constantiana
768 2033 1001 2086 labefactandam.

202 2099 273 2151 Naro
284 2111 346 2148 curn
354 2095 483 2161 liciensi,
500 2113 617 2166 qnorum
629 2101 727 2150 annuis
737 2101 831 2166 paullo
845 2106 910 2152 ante
918 2101 1002 2152 loan-

199 2179 251 2216 nes
264 2165 328 2216 Hus·
344 2170 373 2216 et
388 2165 577 2233 Hieronymus
591 2165 741 2233 Progensis
758 2167 918 2234 pestiferant
938 2168 1002 2232 opi-

201 2233 315 2284 nionurn
327 2245 438 2284 suarum
451 2234 526 2284 virus
540 2232 711 2294 amaverant,
725 2241 834 2287 momen
847 2232 1002 2285 Venoislao

199 2309 271 2368 rege
288 2311 351 2362 suo,
372 2299 486 2367 legatos
503 2301 539 2351 ad
557 2313 620 2350 eum
637 2300 789 2362 misissent,
812 2315 864 2367 per
878 2314 953 2367 quos
974 2302 1003 2352 ei
1048 2325 1049 2336 κ

199 2365 490 2434 regnumdeierobaat
502 2367 649 2431 mutisque
678 2367 789 2418 necibus
803 2366 1002 2429 obsecrabant,

131 2435 133 2440 '
200 2440 234 2488 ut
244 2433 274 2486 id
289 2438 336 2484 aut
351 2433 426 2500 ipse,
446 2439 494 2484 aut
506 2432 644 2484 vitandus
657 2379 745 2483 Frater
762 2435 847 2500 ipsius
863 2435 1002 2500 patruelis

202 2501 277 2552 susci
297 2506 374 2563 eret,
391 2499 510 2551 maximo
531 2505 647 2565 uterque
671 2501 763 2551 animo,
784 2511 880 2551 eorum
898 2515 1003 2570 preces
1046 2517 1047 2524 ¹

252 2515 373 2628 turiavit,
400 2565 496 2618 addita
515 2566 566 2616 iila
591 2563 679 2616 nobili
708 2573 737 2617 et
762 2581 899 2635 nunquam
927 2569 1003 2619 satis
1045 2593 1046 2606 κ

197 2582 343 2751 {lebnam
362 2646 451 2686 voces
479 2631 645 2702 religionem
664 2632 721 2686 sibi
745 2648 822 2700 esse,
847 2632 1003 2690 haereticis

239 2713 256 2766 p
274 2713 368 2762 ratu,
807 2715 813 2726 ’
