2156 3008
317 207 319 212 ·
355 205 508 260 canate
525 204 606 258 xvi.
638 183 653 191 ’“
746 215 749 230 ·
829 211 883 262 ns

75 313 108 362 at
118 305 213 361 verbis
224 303 365 370 refellam
384 307 456 370 sive,
471 307 547 376 quod
556 307 652 374 'magis
666 307 765 373 credo,
783 317 878 364 vestra

75 383 184 428 tantum
197 375 226 424 in
240 387 274 424 eo
289 371 443 426 humanitas
458 382 487 425 et
499 376 634 442 quaedam
647 390 715 442 erga
728 391 771 428 me
782 378 878 429 voiun-

75 444 142 494 tatis
152 441 303 508 propensio
318 441 416 504 valuit,
431 455 486 492 non
495 443 585 492 minus
596 441 719 508 optabile
733 451 781 494 aut
790 443 877 496 hono-

76 509 186 560 rificum
196 509 283 570 duco,
291 521 308 557 a
317 509 396 559 vobis
407 511 502 571 amam,
514 519 595 577 quam
604 523 706 576 magna
715 509 808 578 aliqua
818 512 877 562 sive

78 575 235 626 eruditione
246 575 304 624 sive
315 575 474 641 eloquentia
482 576 634 642 praeditum
645 576 771 628 iudicari.
805 577 878 629 lllud

77 642 189 709 quidem
205 643 295 708 neque
312 644 431 694 reticere
451 657 541 710 neque
561 635 736 694 dissimulare
754 659 878 710 possum,

76 713 219 759 recentem
229 709 310 758 istam
319 715 428 760 vestrae
442 723 510 776 erga
522 723 565 760 me
578 709 729 760 uoluntatis
740 712 878 778 signitica-

76 777 183 827 tiouem
196 789 323 842 magnum
336 774 404 825 mihi
419 785 488 825 onus
497 777 678 842 imposuisse,
693 791 819 844 magnam
832 793 877 832 cu·

77 857 137 893 rant
150 850 178 892 et
187 840 417 902 solticitudinem,
427 855 553 906 magnam
563 843 710 908 vigilandi,
722 843 878 906 laborandi,

76 907 264 960 contendendi
279 921 374 958 omues
385 907 538 958 industriae
549 923 628 959 meae
640 906 741 960 nervos
756 914 877 962 necessi·

78 981 165 1026 tatem
185 975 321 1024 attulisse.
361 972 424 1023 Non
444 973 516 1022 enim
532 972 600 1024 mihi
612 981 718 1025 tantum
735 976 879 1030 elaboran·

77 1041 143 1092 dum
152 1047 203 1102 est,
212 1045 251 1102 ut,
260 1041 285 1090 si
292 1053 374 1105 quam
383 1037 450 1088 mihi
461 1040 695 1090 existimationem
705 1040 878 1108 superiorum

77 1121 213 1158 annorum
228 1106 340 1155 labores
353 1104 520 1170 vigiliaeque
537 1113 716 1171 pepererunt,
736 1123 796 1160 eam
814 1125 878 1162 con·

77 1189 187 1226 servem
198 1186 234 1222 ac
243 1177 339 1233 tueare
354 1171 406 1220 sed
417 1171 503 1220 multo
517 1172 619 1236 magis,
638 1177 670 1222 ut
682 1181 776 1226 vestra
785 1176 819 1226 de
833 1189 877 1228 me

77 1241 184 1294 iudicia
198 1238 349 1288 sustineam
362 1241 392 1286 et
405 1236 498 1302 aliqua
511 1237 610 1288 saitem
625 1243 749 1305 exparte
763 1253 876 1308 cespon-

77 1307 161 1359 deam
173 1304 217 1354 iiii
230 1303 444 1368 exspectationi,
461 1317 542 1368 quam
559 1304 665 1366 deme,
681 1310 716 1354 ut
724 1307 876 1360 uerisimile

76 1379 134 1434 est,
150 1371 179 1420 in
190 1370 342 1420 muitarum
353 1369 450 1420 animis
461 1369 569 1436 pondus
581 1371 756 1421 auctoritatis
766 1379 876 1424 vestrae

75 1437 237 1500 concitavit.
268 1435 350 1497 Quod
360 1436 470 1503 quidem
480 1450 524 1487 me
535 1437 740 1488 studiosissime
749 1443 876 1490 coustan-

71 1506 240 1622 ,tissimeffite
255 1502 392 1555 iactatum
406 1503 485 1556 vobis
500 1505 576 1556 omni
591 1505 798 1556 asseveratione
812 1519 875 1556 con·
897 1539 898 1544 κ

76 1573 170 1634 firmo,
217 1570 498 1639 atrumque'apeuam‚
512 1577 543 1624 ut
552 1569 634 1635 haec,
647 1585 703 1638 qua
710 1587 782 1625 nunc
793 1571 876 1624 cincti

75 1653 111 1690 ac
121 1638 280 1691 circumfusi
289 1642 371 1704 estis,
381 1641 569 1692 studiosorum
580 1639 798 1690 adolescentium
808 1639 876 1690 mui-

75 1705 183 1768 titudo,
197 1708 222 1758 si
231 1707 308 1758 nulla
317 1708 428 1770 aliare
442 1715 470 1758 at
483 1707 705 1760 castenedustria
716 1712 745 1758 et
758 1707 875 1758 assidui·

75 1773 194 1824 tateuix
202 1773 287 1824 alium
294 1789 450 1840 quenquam
460 1789 477 1824 a
486 1776 565 1826 vohis
576 1775 744 1826 adnationes
755 1788 819 1825 suas
831 1785 875 1826 ao-

76 1840 325 1894 comnodattorem
333 1839 399 1890 huic
407 1842 514 1890 muneri
523 1842 638 1906 ptaeiici
648 1842 782 1908 potuisse
788 1841 875 1893 fatea-

74 1913 132 1958 tur.
158 1905 214 1956 Sed
223 1906 875 1974 iamtempasessetidetur,utspecimenvobis

71 1972 190 2037 aliquod
212 1969 356 2024 exhibeam
375 1973 438 2022 eius·
454 1972 575 2022 radonis
592 1987 625 2024 ac
642 1977 718 2037 viae,
741 1990 823 2042 quam
846 1982 876 2027 et
930 1987 935 1994 ’

73 2051 165 2112 usque
178 2035 268 2087 adhuc
280 2036 309 2087 in
326 2037 455 2089 docendo
466 2039 545 2088 tenui
560 2043 600 2098 et,
614 2039 670 2090 nisi
682 2056 732 2092 vos
746 2042 822 2107 atiud
834 2043 878 2093 iu··

72 2105 185 2166 beatis,
208 2103 338 2169 deinceps
359 2109 495 2220 perpetuo
518 2110 616 2155 tenere
638 2104 760 2159 decrevi.
794 2107 876 2170 Quod

9 2187 18 2202 ⁶
74 2173 142 2224 dum
150 2170 235 2233 facio,
246 2170 310 2221 dato
319 2171 358 2222 mi
377 2171 397 2232 i,
408 2170 536 2232 obsecro,
548 2169 618 2220 hanc
628 2173 745 2236 ueniam,
757 2180 788 2226 ut
798 2189 875 2226 aues·

73 2247 132 2293 tam
144 2255 163 2290 e
173 2238 253 2290 vobis
268 2238 436 2300 orationem,
456 2243 538 2304 atque
547 2238 589 2287 ita
598 2237 744 2302 disseram,
765 2241 876 2306 quasiii

74 2313 182 2360 tantum
195 2305 337 2368 adessent,
356 2319 472 2372 quoi-tun
487 2319 586 2355 caussa
600 2317 659 2366 me,
677 2305 745 2356 rude
757 2307 825 2368 iam,
844 2313 876 2358 ut

76 2371 243 2435 arbitratae,
265 2372 425 2437 donatum)
443 2373 472 2424 iu
486 2370 557 2424 hanc
569 2371 785 2426 areaamdecuc
794 2386 873 2425 revo-

74 2440 193 2496 candum
202 2440 362 2492 censuistis.
394 2453 474 2493 ⁰111.

101 2521 124 2577 ³)
140 2521 220 2564 Horat.
228 2533 265 2576 ep.
275 2521 294 2564 1.
304 2527 324 2566 i.
333 2527 354 2566 2
709 2555 711 2558 -

117 2577 250 2632 Spectatum
266 2579 325 2622 satis
335 2581 358 2620 et
372 2578 482 2628 domm
492 2579 535 2624 iam
544 2581 600 2624 sude
608 2579 697 2634 quescit
711 2583 756 2626 ste

72 2631 175 2681 iuvenci·
184 2637 226 2676 sat.
236 2635 258 2675 i.
268 2637 315 2680 lii.
330 2633 469 2690 Masada,
476 2640 511 2681 ati.
527 2637 575 2684 cic,
585 2636 690 2695 Philipp.
699 2641 718 2684 2
728 2641 763 2685 30·
