2146 3008
117 151 120 159 ’
175 178 225 230 rsa
443 173 595 232 orario
612 165 710 225 xvu.
781 189 785 196 ›

113 301 118 315 .
174 282 256 342 tiam,
266 280 291 332 sl
301 277 412 340 afferat,
424 291 479 328 nou
490 274 645 342 espemari,
660 272 685 324 si
696 276 802 334 eareat,
815 283 871 324 noe
882 271 975 322 admo

175 348 240 398 dum
257 345 440 412 1·equirer·c*).
475 342 595 394 Nimium
614 339 751 391 delicatos
774 353 852 401 esse,
879 339 925 404 qui
947 339 976 390 iu

173 405 976 480 talitapraeclarissimammrerumcopiaetiamverborum

175 479 390 531 concinnitatem
400 479 550 544 requirant,
560 483 590 526 et
599 473 713 542 perinde
724 471 817 523 iecere
829 487 861 522 ac
872 473 897 522 si
907 471 976 538 opti·

175 561 236 602 mos
248 551 277 596 et
294 545 492 596 saluberrimos
511 543 590 593 cibos
603 537 774 602 fastidirent,
793 539 849 592 nisi
861 539 891 588 in
908 550 975 588 auru

175 615 261 664 autin
272 613 387 680 gemmis
402 615 615 676 apponerentur.
637 609 719 658 ''l'um
730 605 921 672 praetereaff)
936 603 977 654 ia·

176 681 257 730 cilius
268 677 391 744 intelligi
405 693 437 728 uc
451 677 569 742 percipi,
585 687 655 741 quae
665 673 902 739 qualibuscunque
917 683 975 720 ver·

174 745 218 796 bis
233 745 293 795 sine
308 745 419 796 delectu
434 741 599 805 efferuntur,
616 740 735 808 quamsi
752 741 813 806 quis
827 739 855 788 in
870 737 975 788 eisdem

174 827 245 930 pura
268 825 300 861 ac
322 810 424 862 Latina
446 811 574 862 oratioue
599 807 785 874 exprimendis
809 804 974 855 elaboraret

156 898 158 904 ,
191 884 335 947 usnemu,
353 894 406 929 usu
425 875 479 928 huc
497 877 553 926 iem
572 882 600 927 et
619 873 792 940 experientia
806 878 977 937 compertum

176 959 251 1006 esse,
263 946 362 1012 quibus
372 943 518 996 verborum
530 957 596 994 cura
606 947 660 1004 est,
671 955 720 992 eos
732 953 867 990 exsuccos
878 935 978 988 iereet

164 1013 270 1063 'aridus
283 1018 313 1063 ct
328 1011 542 1078 exsangues***)
563 1016 591 1061 et
606 1009 802 1075 grammaticos
819 1003 912 1073 potius
929 1007 977 1052 eut

174 1079 397 1146 ludimagistros‚
412 1085 492 1144 quam
505 1091 587 1129 veros
600 1083 629 1126 et
642 1075 749 1126 solidos
762 1069 977 1123 iurisconsultus

176 1146 307 1210 eradere3
325 1160 386 1197 cum
398 1151 507 1207 contra,
524 1144 571 1211 qni
580 1157 681 1210 magno
693 1147 721 1192 et
731 1139 799 1191 forti
810 1139 900 1188 animo
912 1149 977 1186 eon·

176 1219 349 1280 tempserunt
359 1213 495 1264 sermonis
506 1211 634 1273 delicies,
650 1215 679 1260 ct
687 1209 758 1259 illud
768 1203 922 1264 horridum,
936 1202 977 1251 iu·

176 1287 324 1346 comptum,
335 1285 456 1348 agreste,
470 1280 639 1332 rusticanum
650 1275 759 1326 dicendi
770 1287 858 1340 genus
869 1271 977 1321 adamu-

175 1355 252 1410 runt,
273 1347 293 1399 ii
308 1347 416 1399 denium
429 1347 498 1398 iuris
514 1361 546 1398 ec
565 1346 657 1411 legum
671 1341 832 1408 cognitione
846 1338 979 1404 impleant

175 1421 287 1480 peetus,
299 1415 325 1464 in
338 1414 602 1474 consultationibus,
612 1411 641 1460 in
651 1407 774 1468 lorls,'in
784 1405 925 1456 subsellils
935 1415 978 1452 re-

177 1489 275 1598 finent,
286 1482 315 1532 in
327 1483 447 1533 omnium
457 1481 572 1531 maioris
581 1474 714 1527 momenti
724 1471 980 1522 controversiarum

196 1549 380 1614 isceptatione
396 1564 429 1598 ac
442 1541 678 1600 diiudicatione†)
691 1536 874 1588 dominentur.
912 1534 982 1596 Qui·

176 1615 228 1666 bus
238 1622 269 1666 ut
279 1615 472 1680 respondeam,
482 1611 598 1676 primurn
609 1605 681 1661 dico,
691 1615 746 1650 non
756 1601 914 1670 existimare
923 1615 982 1664 mc,

178 1680 366 1749 eloquentiam
382 1691 471 1742 neque
489 1674 523 1726 ad
538 1669 594 1731 iris,
612 1665 750 1732 nequead
765 1664 850 1713 ullum
864 1667 982 1716 omnino

176 1755 265 1800 artem
282 1745 453 1797 tractandam
472 1734 631 1788 necessario
649 1731 769 1798 requiri,
792 1743 828 1779 ne
850 1729 885 1779 ad
899 1729 983 1783 illam
1031 1753 1033 1756 ·

178 1816 288 1882 quidem
300 1813 399 1876 ipsam,
413 1819 468 1870 qua
479 1804 541 1853 lieri
555 1801 718 1868 eloquentes
731 1801 871 1864 putentur.
905 1796 982 1848 Mul-

177 1889 223 1932 tus
234 1880 305 1929 enim
316 1873 485 1936 accepimus,
496 1883 557 1922 cum
566 1869 622 1936 ipsi
633 1867 796 1933 eloquentes
806 1879 863 1914 nou
874 1871 982 1928 esseut,

179 1946 298 2010 optimos
311 1945 403 1990 tamen
415 1938 480 1989 aliis
495 1939 530 1991 ad
544 1935 731 2004 elequentiam
745 1933 830 1984 duces
845 1945 878 1982 ac
892 1933 982 1998 magi·

176 2019 251 2064 utros
270 2007 371 2056 inisse:
393 2006 503 2073 qualem
522 2007 551 2058 ln
572 2005 692 2056 Graecia
709 2000 930 2065 Hermogenem,
950 1998 982 2046 iu

176 2069 230 2128 lrac
238 2074 307 2125 urbe
319 2073 536 2134 Quinctilianum
547 2073 635 2124 luisse
646 2071 732 2122 aiunt.
757 2065 794 2116 Et
802 2061 980 2125 Aristoteles,
1007 2119 1010 2127 ¹

178 2142 203 2194 ei
223 2155 253 2192 se
273 2141 468 2194 addicendum
483 2140 661 2199 contulisset,
675 2135 797 2187 fortasse
815 2133 918 2186 multos
932 2128 981 2180 ha·-

177 2209 285 2262 buissct
295 2211 467 2276 superiores,
478 2223 533 2276 quo
542 2214 635 2259 temen
646 2202 821 2270 eloquentiae
831 2201 982 2265 praecepta

150 2297 152 2302 ’
224 2299 244 2356 “)
262 2299 310 2344 cle.
322 2301 349 2344 de
358 2301 410 2343 Fin.
417 2299 437 2342 1.
446 2301 465 2341 5.
476 2299 496 2354 9.
504 2303 537 2343 15.
551 2301 660 2341 ettamen
673 2307 687 2336 a
697 2287 846 2348 philosopho,
862 2289 882 2330 si
898 2287 983 2336 sileret

179 2355 387 2412 eloquentissimos
397 2355 539 2410 aspernensi
548 2367 592 2396 non
603 2351 691 2399 habeat,
698 2361 742 2391 non
748 2346 865 2389 admodum
872 2342 982 2394 flagitem.
1064 2345 1065 2376 l

214 2413 246 2468 ··)
261 2410 510 2465 Terentddelplalll.
516 2411 574 2453 Ml.
585 2407 686 2449 Primum
693 2403 796 2446 indotata
803 2404 848 2442 est:
860 2405 983 2496 tumgren-

179 2477 251 2520 terea,
262 2482 319 2524 quae
329 2468 428 2512 seurndc
439 2467 459 2510 el
470 2467 510 2524 dur
519 2467 580 2513 arat.
590 2462 673 2510 Periit.
687 2459 770 2502 licant.
776 2457 804 2500 V.
813 2459 834 2522 3.
841 2458 875 2497 ²⁰.
888 2451 907 2494 P
924 2465 983 2498 orus.

178 2525 222 2570 111.
232 2529 294 2568 2³3.
313 2524 389 2569 Cic-in
398 2522 465 2567 Verr.
475 2521 524 2564 Act.
533 2519 553 2562 1.
563 2533 582 2561 c.
594 2521 627 2561 13.
636 2519 697 2560 extr.
707 2515 757 2557 Aet.
765 2510 797 2553 11.
806 2507 911 2553 illumi.
921 2509 941 2564 ᾗ.
947 2510 984 2551 63.

207 2581 247 2634 Ψ)
263 2578 408 2630 Quinctilium
418 2577 450 2621 X.
461 2582 481 2621 4.
492 2575 513 2630 ξ
521 2583 541 2620 3.
556 2573 612 2617 llll.
624 2577 656 2616 10.
667 2572 686 2626 fi.
696 2574 730 2614 le.
740 2582 776 2624 pr.

219 2637 248 2692 Τ)
265 2635 313 2679 Cic.
319 2636 420 2689 dellens.
425 2634 445 2677 1.
450 2633 510 2688 Μ.
516 2633 550 2675 etl.
560 2644 602 2685 quo
613 2629 639 2672 tle
649 2637 731 2682 genere
741 2623 851 2680 exspecto
860 2623 922 2663 tuem
933 2619 983 2663 dis·

181 2696 332 2748 putationem
346 2688 552 2745 amisitquiderr
562 2681 834 2741 nnnauibtdicetioert.
947 2685 950 2688 ·

1063 2615 1065 2734 l
