2154 3002
217 201 250 254 'ib
504 199 662 255 orario
678 197 729 254 vi.

217 301 351 371 libusque
368 301 490 362 bellicis,
504 303 554 354 sed
572 305 602 354 in
620 315 737 354 caussae
754 291 880 352 bonitate
893 303 1013 369 positam

219 383 295 434 eese;
322 371 369 437 qui
386 382 437 435 pro
458 367 562 420 Christi
582 371 694 420 nomine
716 368 891 429 dimicarent,
919 383 1014 422 eorum

218 437 350 502 impetum
360 449 415 486 non
427 449 511 502 posse
521 451 557 488 ne
566 435 677 487 collatis
688 435 836 501 quidemin
852 449 937 488 unum
947 438 1013 488 alio·
1059 463 1060 502 q

218 517 279 554 rum
307 501 429 553 omnium
455 502 559 570 riribus
588 502 728 560 sustineri.
764 501 908 566 Superatis
929 503 1015 569 igitur
1059 521 1060 554 ὲ

219 569 285 620 etin
301 572 468 634 potestatem
482 569 604 620 redactis
620 567 759 630 hostibus,
775 569 1014 621 omniumnostro·
1059 579 1060 644 i

217 648 280 684 rum
289 641 319 684 et
332 634 528 699 imperatorum
544 635 699 687 etmilitum
712 633 886 686 incredibilis
901 649 1015 689 concur·
1059 659 1060 676 2

218 711 266 750 rus
287 699 322 750 ad
337 698 479 752 Sanctium
498 700 589 752 iactus
609 707 663 764 est3
682 701 753 752 alius
772 699 925 766 amplexari
941 715 1014 764 eum

218 763 289 816 alius
309 766 344 816 ad
363 777 455 830 genua
469 768 610 828 accidere,
630 768 702 820 alius
715 767 818 817 fortem
830 767 908 818 illam
922 766 1014 818 dexte·

217 843 277 882 ram
294 830 476 884 barbarorum
493 833 679 897 domitricem,
702 834 898 901 Hispaniarum
915 833 1016 886 libera·

218 899 329 961 uicem,
358 898 493 950 victoriae
516 900 744 960 confectricem)
770 899 941 962 exosculari3
967 900 1016 965 qui

219 971 333 1032 propter
356 965 559 1018 multitudinem
577 970 691 1035 propius
711 965 849 1017 accedere
864 980 921 1017 non
937 971 1016 1031 pote»

217 1037 294 1096 rant,
312 1032 403 1095 vultu,
421 1033 522 1097 oculis,
541 1035 681 1098 menibus,
693 1045 825 1100 corpore,
840 1045 1016 1098 quascunque

219 1103 362 1164 poterent,
389 1100 474 1152 animi
500 1102 544 1152 sui
570 1100 790 1170 significationes
818 1098 931 1160 dabant3
960 1111 1018 1156 pina

165 1221 166 1224 ,
220 1180 318 1219 earnes
329 1180 399 1218 voee
413 1173 442 1218 et
455 1167 620 1220 bellatorem
633 1166 816 1219 fortissimum
830 1170 859 1215 et
868 1165 1016 1230 imperato·

220 1246 281 1284 rem
299 1234 510 1286 invictissimum
523 1233 743 1286 consalutabant.
777 1223 845 1281 inde
856 1243 918 1280 curn
925 1228 962 1279 de
976 1227 1017 1280 di·

220 1300 341 1352 vidende
351 1300 455 1366 praeda
470 1301 518 1368 agi
530 1307 658 1367 coeptum
671 1307 759 1359 esset,
774 1310 844 1363 quae
857 1301 935 1346 tante
947 1301 1018 1357 erat,

201 1367 351 1436 'quantam
379 1367 496 1434 triginta
521 1366 777 1434 potentissimorum
805 1375 903 1428 regum
932 1361 1018 1412 colla»
1059 1415 1060 1424 ἶ

219 1439 267 1486 tae
289 1433 423 1484 nnumin
445 1433 538 1484 locum
564 1446 631 1498 opes
657 1439 824 1480 coacervare
855 1429 1018 1488 potuerant.

219 1513 302 1550 nemo
314 1499 412 1550 eratin
421 1499 551 1548 universo
567 1495 704 1555 exercitu,
718 1493 765 1558 qui
774 1503 830 1540 non
839 1489 879 1538 ite
889 1489 1019 1554 sentiret,
1059 1493 1060 1564 ξ

219 1565 316 1629 itaque
333 1564 520 1629 praedicaret,
560 1566 777 1623 uantamcunque
791 1555 846 1604 sibi
861 1559 968 1621 partem
982 1572 1019 1610 ex
1059 1569 1060 1612 3

222 1641 257 1680 ea
273 1630 320 1680 vel
338 1629 503 1694 deposceret
514 1578 560 1676 vel
574 1627 658 1676 etiam
672 1637 723 1674 suo
736 1623 797 1672 iure
812 1627 935 1672 sumeret
950 1621 1018 1675 San·
1059 1629 1060 1686 l

221 1696 306 1756 etius,
326 1705 464 1760 nunquam
481 1697 588 1742 tantum
603 1689 639 1740 ad
653 1703 715 1740 eum
733 1692 929 1754 perventurum
942 1703 1019 1753 esse,
1059 1693 1060 1698 ’

220 1766 316 1812 utnon
325 1759 412 1812 multo
421 1758 483 1874 ἕως
500 1759 588 1821 ipsius
604 1757 700 1808 rirmti
713 1753 920 1822 praeclarisque
932 1754 1018 1810 factis
1059 1795 1060 1798 ,

221 1825 387 1880 deberetur..
446 1829 488 1874 ret
507 1823 535 1873 in
554 1823 652 1874 castris
676 1822 857 1874 barbarorum
878 1822 951 1884 auri,
976 1835 1019 1872 ar·
1059 1829 1060 1832 ’

221 1893 299 1961 genti
322 1891 392 1942 iacti
413 1889 566 1955 infectique
585 1903 737 1957 permagna
763 1891 819 1952 vis3
836 1902 1019 1956 ¹gemmarum

220 1957 333 2010 maximi
352 1956 436 2022 pretii
452 1955 622 2014 admirabilis
635 1955 796 2020 multitud03
814 1956 930 2006 multum
942 1959 1019 2021 tapo

124 2079 130 2084 ,
219 2028 302 2087 dum,
313 2024 428 2075 multum
437 2021 631 2092 conchyliatae
644 2025 745 2087 vestis,
758 2024 874 2075 multum
886 2021 1020 2088 peristro-

219 2097 335 2153 matum,
353 2096 385 2143 ut
403 2096 447 2142 est
463 2090 514 2142 illa
534 2091 617 2142 etiam
629 2093 659 2142 in
677 2091 761 2144 bellis
779 2089 922 2144 luxuriare
935 2099 1021 2150 geum

207 2169 358 2210 ‘armorum
373 2158 461 2210 omnis
483 2160 594 2240 generis
614 2160 781 2226 optimorum
793 2162 822 2208 et
834 2151 1020 2218 exquisitiss'o

207 2239 266 2276 mo
286 2225 405 2278 artificio
423 2225 621 2278 fabricatorum
633 2227 756 2278 inlinitur
770 2233 856 2289 prope
875 2231 1020 2280 numerum

221 2293 287 2360 equi
303 2298 477 2360 praestantes
497 2293 639 2358 permulti3
665 2290 854 2356 phalerarum,
874 2279 1019 2351 ephippio·

220 2373 283 2412 rum
304 2365 515 2426 ceterorumque
540 2363 763 2410 ornamentorum
790 2352 958 2420 equestrium
977 2355 1019 2403 im
1059 2355 1060 2396 Τ

222 2425 364 2480 credibilis
380 2428 472 2494 copiu3
491 2441 524 2478 ca
542 2425 594 2476 tivi
612 2425 697 2490 longe
716 2421 840 2490 plurimi,
862 2433 897 2470 ex
917 2418 1019 2491 quibus
1059 2443 1060 2480 3

221 2495 249 2546 in
272 2509 321 2546 eus
354 2494 452 2545 ecunia
467 2441 567 2544 conici
588 2494 696 2555 posset3
715 2487 813 2605 quibus
833 2484 959 2538 omnibus
984 2499 1020 2538 ex
1059 2499 1060 2520 ³

171 2627 179 2644 ,
222 2509 318 2623 rebus,
333 2508 487 2620 guardam,
501 2565 532 2609 ut
544 2561 674 2624 quantum
689 2569 722 2626 re
736 2554 774 2606 let
788 2552 841 2606 sibi
855 2555 915 2624 ipse
929 2565 1019 2606 sume·

249 2661 270 2716 ¹)
286 2661 390 2704 Laetam.
400 2656 561 2702 [omittam.
572 2663 605 2702 11.
615 2655 636 2711 ξ.
646 2659 666 2700 b.
678 2653 718 2698 vel
727 2654 779 2712 ipsa
792 2648 931 2714 confectrice
941 2667 1020 2702 rerum

215 2717 321 2776 ,mnium
330 2718 449 2761 vetustate.
725 2729 728 2734 ·
766 2726 795 2740 ,μ
829 2729 832 2736 .
853 2723 856 2728 ·
