2154 3002
127 212 130 216 .
178 133 217 224 s's
469 165 623 222 osnrro
638 167 692 223 w.

197 263 262 322 li'lse
283 268 470 337 cognitionem
492 267 636 336 eloquenti
656 267 752 320 iuius-o
773 271 987 332 monuisset,

207 351 242 388 on
253 337 324 387 enim
335 343 365 386 ut
374 336 499 386 lusciniis
509 335 634 398 canendi,
644 336 685 386 sio
695 334 851 388 hominibus
861 337 979 406 loquen-

182 405 210 458 (ll
224 401 385 454 fucultatem
399 402 596 452 oblectationis
611 409 818 454 contestatura
827 407 978 470 concessit,

181 484 234 524 neo
243 475 349 520 tontum
358 477 456 528 munus
466 482 544 518 suum
557 473 668 533 temque
678 469 851 535 procelosum
856 471 891 521 erl
897 485 979 522 oteres

181 535 266 591 modo
277 533 472 586 demulcendus
482 533 572 584 voluit
580 534 720 596 adhiberi,
740 535 791 586 secl
804 545 865 586 eum
875 550 931 587 eos
940 538 981 588 itu

182 602 320 654 fabricate
333 607 420 662 esset,
439 606 470 650 ut
484 599 525 650 eis
539 601 656 652 rationis
670 602 833 652 societatem
846 601 980 656 sunnin

182 666 393 719 immortalibus*
407 665 581 717 intercedere
597 667 746 730 voluisset,
772 673 907 734 aptusque
929 684 979 721 eos

120 737 124 740 “
182 733 346 786 lecissetsd
365 745 457 784 rerum
475 735 774 805 praestantissimorum
792 735 980 800 cognitionem
1063 725 1064 750 ¹

183 799 309 851 adhibito
325 798 416 850 studio
428 799 662 865 concremendam,
676 801 719 852 ius
794 809 887 852 entem
897 801 980 852 etiem

183 861 287 932 litgito
296 871 352 927 est,
368 875 422 930 quo
436 864 471 914 de
485 865 543 928 illis
556 865 639 916 rebus
648 807 910 918 interffimserere
921 881 980 918 ese·

183 931 981 1064 tltilliiiiiitllitti{immittit

183 1065 240 1116 tius
250 1069 390 1130 repetere,
407 1069 481 1115 etex
493 1063 561 1129 ipsis
574 1063 801 1130 philosophorum
815 1063 835 1114 li
855 1065 893 1131 ris
903 1076 981 1114 caus-

185 1143 234 1182 sae
247 1135 360 1181 nostrae
374 1129 547 1180 firmamento
557 1130 715 1193 desumere,
725 1137 809 1197 etque
819 1129 882 1184 istis
891 1127 981 1195 philo·

185 1195 302 1264 sophiae
315 1195 551 1263 contemptoribus
565 1211 659 1248 eorum
676 1211 782 1261 rerum,
799 1210 867 1314 pnes
886 1201 981 1247 oonte-

184 1269 295 1322 muunt,
322 1264 462 1329 specimen
489 1263 604 1328 aliquod
630 1261 771 1315 exhibere.
820 1261 984 1314 nterieotusu

187 1329 390 1396 quodammodo
401 1333 431 1379 et
439 1327 633 1380 intermedium
641 1335 686 1380 est
694 1328 833 1382 homiuum
846 1344 934 1395 genus
943 1329 985 1378 in·
1064 1377 1066 1392 .

186 1402 232 1448 ter
249 1397 402 1451 animantes
415 1395 526 1445 consilii
542 1401 670 1460 expertes
683 1401 712 1444 et
730 1396 804 1444 inter
821 1392 984 1458 purissimus

186 1461 251 1518 illus
260 1467 367 1512 mentes
379 1460 413 1510 ab
424 1459 499 1509 omni
510 1459 636 1524 corporis
647 1459 783 1509 societate
793 1463 928 1516 secretae,
943 1456 986 1508 ite
1048 1487 1060 1495 -

187 1531 220 1580 nt
231 1527 288 1576 illis
302 1526 412 1592 quidem
423 1525 550 1590 superius
563 1524 769 1590 perfectiusque
780 1523 827 1582 sit,
837 1517 881 1570 his
891 1527 984 1574 antem

186 1590 305 1643 inferius
326 1592 470 1654 minusque
491 1588 653 1654 perfeetum.
686 1586 757 1637 Nom
778 1585 845 1636 illue
872 1587 985 1653 quidem

187 1653 316 1708 sensibus
331 1661 436 1706 tuntum
447 1653 593 1718 degentes,
607 1651 684 1705 nulla
714 1663 810 1702 rorsus
823 1652 933 1704 ratione
948 1653 985 1706 od

185 1721 400 1792 intelligentiam
411 1725 439 1770 et
449 1718 637 1784 cognitionem
649 1667 781 1785 prengeedi
795 1725 911 1786 queunt,
930 1719 984 1774 hae

184 1799 254 1840 vero
274 1787 335 1837 sine
354 1783 414 1836 ullo
436 1797 566 1836 sensuum
589 1783 757 1836 odniinicolo
777 1801 811 1836 oc
827 1786 984 1838 ministerio

149 1875 155 1879 ·
187 1851 400 1920 simplicissimis
418 1849 592 1913 notionibus,
612 1865 735 1918 quaecun
756 1867 790 1904 ue
808 1853 878 1920 ipsis
892 1852 928 1904 ed
944 1853 985 1904 in·

185 1918 367 1986 telllgenduns
383 1915 582 1978 obiecissent,
597 1867 815 1984 apprehengunt.
848 1919 985 1970 Homines

186 1991 279 2038 sutem
297 1989 414 2050 possunt
430 1981 473 2032 illi
491 1982 603 2048 quidem
617 1986 652 2035 ed
666 1999 758 2036 rerum
770 1985 984 2053 intelligentiam

185 2048 316 2122 provehi,
335 2059 425 2116 eoque
439 2057 503 2102 sunt
516 2051 600 2101 niutis
615 2053 799 2105 animantibus
816 2053 985 2120 superiores,

189 2117 240 2170 sed
257 2115 386 2183 quonium
401 2117 566 2168 immortalis
579 2119 703 2184 ipsorum
715 2127 744 2171 et
756 2121 872 2188 simplex
883 2123 912 2166 et
921 2129 985 2166 coe-

112 2192 115 2206 ’
187 2185 268 2236 lestis
279 2183 385 2234 unimus
394 2185 522 2236 mortalis
537 2190 566 2236 et
575 2187 699 2237 concreti
709 2193 738 2237 et
747 2184 888 2237 terrestris
899 2182 986 2232 domi-

189 2251 256 2303 cilio
267 2250 393 2316 eorporis
403 2248 562 2315 hebetatur,
574 2267 608 2303 eo
618 2254 662 2316 lit,
673 2261 704 2303 ut
714 2253 749 2303 sd
759 2243 947 2316 cognitionem
957 2256 987 2300 ei

189 2315 335 2370 scientiam
354 2317 414 2368 sine
433 2325 563 2368 sensuum
584 2319 740 2369 ministerio
763 2314 908 2382 pervenire
929 2329 1007 2366 nou'

186 2383 287 2454 possit.
322 2381 418 2452 ltaque
431 2391 508 2436 recte
518 2385 600 2435 Plato
609 2386 709 2436 urentis
719 2381 907 2434 internuncios
920 2393 987 2447 que·

189 2451 214 2512 sl
234 2461 269 2502 ut
283 2451 421 2502 satellites
435 2465 533 2502 sensus
547 2451 710 2511 nominant,
721 2448 889 2514 eosdemque
901 2447 986 2516 (lupos

191 2467 233 2570 er?
236 2517 382 2569 veritatem
393 2529 455 2568 esse
465 2517 543 2567 (lixit.
578 2515 647 2566 liius
660 2521 752 2566 autem
762 2514 873 2566 auditor
881 2515 987 2566 Aristo·

189 2585 264 2638 teles
276 2584 490 2652 pronunciatus
499 2580 569 2632 nihil
578 2582 711 2649 intelligi,
725 2581 779 2632 nisi
791 2581 868 2646 prius
881 2577 987 2650 aliquid

192 2663 276 2704 sensu
288 2657 450 2718 perceptum
458 2649 576 2712 inisset,¹
584 2649 661 2717 quoi
670 2648 751 2720 qussi
759 2648 833 2700 uon
840 2649 989 2704 mulnet
