2156 3008
117 203 120 208 ’
205 232 309 300 oo¹
474 229 732 282 onnrroxru.

199 327 320 384 ‘eliorum
338 341 443 394 mores,
463 309 596 383 mutatam
609 331 639 384 in
650 297 779 396 meliust)
796 330 874 382 urbis
892 307 1003 395 faciem,

203 416 255 452 nos
267 400 398 462 vidimus,
417 398 459 449 illi
472 399 628 450 audierunt
663 398 716 448 llis
731 399 857 448 omnibus
872 412 908 449 ex
920 398 1005 450 rebus

200 467 322 518 Carolus
334 479 386 516 rex
398 465 561 515 incredibile
575 462 705 532 gaudium
721 465 807 531 cepit,
825 471 854 516 et
867 472 912 525 ut,
931 462 1006 530 quod

204 533 287 593 lacis,
303 547 385 599 quarn
398 531 554 581 diutissime
567 530 661 582 iecere
676 532 781 599 possis,
798 530 886 582 oDeo
901 531 1006 598 optimo

204 600 325 650 nrexinro
338 598 412 649 volis
426 597 552 648 omnibus
565 599 644 664 petit.
680 598 768 657 Quem
787 599 907 648 animum
927 611 1007 648 suum

204 672 237 716 ut
249 666 302 716 tibi
314 663 500 730 patefaceret,
514 663 619 730 legerit
629 661 682 715 buc
695 664 878 716 clarissimum
889 669 918 713 et
930 663 1007 714 nobi·

204 732 341 784 lissimunr
351 731 450 790 virum,
461 730 565 781 lustum
575 731 766 793 Turnonium,
773 731 902 782 coelitem
913 729 1007 782 Rusti·

204 799 303 860 lionis,
323 796 417 864 magni
433 797 509 847 illius
528 795 669 848 Francisci
689 797 844 848 Cardinalis
861 796 1007 858 Turncnii,

206 863 285 916 errius
299 862 460 914 memoriam
475 869 503 913 et
515 864 579 925 tibi,
593 863 755 916 beatissime
770 863 866 928 Peter,
882 869 911 914 et
927 862 1008 913 robis

206 930 346 991 omnibus,
361 927 460 980 Patres
474 930 650 996 amplissimi,
669 938 776 998 grutam
789 945 852 984 esse
867 945 899 980 ec
912 929 1008 980 iucun-

207 997 270 1048 dam
283 998 354 1059 scio,
368 994 464 1048 fratris
477 1003 621 1063 nepotem,
635 993 789 1058 bominem,
804 1002 835 1047 ut
846 998 938 1047 omnia
951 1010 1009 1046 uno

205 1061 291 1114 verbo
311 1061 563 1130 conspiceremus
584 1076 686 1129 genere
706 1063 909 1130 dignissimum:
928 1063 1008 1112 cuius

207 1131 350 1197 egregiam
365 1131 495 1181 virtutem
508 1134 538 1180 et
548 1144 634 1196 saepe
644 1130 714 1181 alies
731 1138 760 1180 et
775 1130 900 1195 proxime
914 1129 943 1179 in
955 1129 1007 1180 illo

206 1195 381 1248 memorabili
399 1195 531 1248 adsersus
550 1194 707 1248 haereticos
724 1197 831 1263 proelio
853 1193 1009 1262 spectatoris

206 1279 257 1315 rex
274 1264 334 1329 ipse
353 1263 452 1330 enrplis
471 1269 501 1314 et
516 1260 678 1314 honorificis
697 1265 826 1328 praemiis
841 1267 1008 1328 prosecutus

205 1338 263 1393 est,
284 1336 415 1398 cooptato
429 1343 465 1381 eo
478 1331 508 1390 in
521 1331 629 1396 equites
644 1329 749 1381 ordinis
766 1331 810 1380 sui
831 1336 860 1379 et
874 1330 938 1395 quin
961 1341 1009 1377 ua·

207 1399 286 1464 ginta
309 1395 494 1464 cataphractis
517 1411 533 1446 e
554 1396 656 1446 uitibus
677 1409 808 1460 praeesse
831 1395 918 1446 iusso.
978 1407 1011 1443 er

209 1481 271 1514 eum
283 1465 398 1515 Carolus
408 1477 466 1525 rex,
477 1463 639 1512 beatissime
649 1460 741 1519 Pater,
753 1460 808 1510 sibi
818 1462 907 1509 ettoti
919 1459 1011 1510 ecclo-

205 1527 268 1582 'siae
287 1531 320 1581 de
341 1536 389 1580 tuo
410 1529 579 1579 pontificatu
630 1525 761 1585 stolatum
783 1531 812 1573 te
831 1539 925 1572 rerum
944 1525 1013 1578 lesu

210 1596 314 1648 Christi
327 1595 474 1654 vicarium,
488 1607 583 1643 rerum
617 1591 669 1640 etri
683 1601 874 1647 successorem
889 1603 944 1637 non
959 1591 1011 1644 du.

207 1663 330 1714 bitnnter
382 1659 484 1720 noscit;
505 1657 558 1707 tibi
570 1662 599 1706 et
611 1653 674 1705 huie
687 1659 799 1703 sunctae
813 1653 874 1703 sedi
888 1668 953 1706 rere
968 1663 1011 1710 et·

208 1745 261 1796 que
279 1743 314 1780 cx
330 1737 420 1775 amnuo
435 1737 516 1787 quam
531 1721 615 1772 debet
631 1719 818 1771 obedientiam
831 1727 956 1788 praestat
974 1739 1009 1777 ao

208 1795 313 1853 defert,
328 1797 356 1840 et
368 1795 399 1839 ut
413 1794 489 1838 certo
503 1795 609 1854 speret,
622 1801 653 1839 se
668 1787 696 1838 in
710 1787 851 1852 omnibus,
862 1803 933 1856 quae
947 1805 965 1841 a
978 1798 1008 1843 ts

207 1858 344 1927 praestari
356 1861 500 1921 poterunt,
514 1871 532 1905 a
545 1862 574 1907 te
587 1854 710 1907 adiutum
723 1860 806 1922 atque
820 1863 947 1914 ornatum
961 1857 1007 1922 iri,

207 1930 247 1976 ita
258 1940 287 1976 se
298 1934 393 1972 omnes
405 1922 477 1972 vires
487 1939 551 1976 sues
562 1923 598 1976 ad
608 1922 744 1974 ccclesiae
755 1925 865 1976 etsedis
873 1923 1007 1990 apostoli·

206 2005 256 2042 cue
271 1988 461 2042 defensionem
474 2005 584 2059 semper
596 1990 801 2057 promptissimo
816 1992 906 2042 animo
921 1991 1007 2041 collu-

206 2065 297 2110 turum
310 2069 399 2122 neque
410 2051 461 2108 bec
470 2058 499 2109 in
510 2072 541 2110 re
553 2060 680 2126 cuiquem
691 2057 849 2110 mortalium
859 2072 1006 2110 concessu·

181 2139 267 2176 uum
279 2123 437 2192 pollicetur.
472 2139 549 2179 brui.

242 2207 264 2263 ¹)
280 2205 500 2252 reuinctos.

312 2265 376 2306 llaec
390 2266 453 2308 Deos
467 2265 492 2306 in
505 2265 587 2310 meliro
602 2261 703 2308 erudelis
717 2265 803 2309 somnis
815 2269 899 2308 catat.

208 2317 356 2371 Quinctilium
366 2319 385 2362 1.
398 2325 415 2364 l.
426 2324 446 2362 5.
461 2319 520 2363 Nem
536 2321 596 2364 tons
609 2319 675 2362 fusile
691 2326 809 2362 mutantur
823 2318 928 2376 inpeiut:
943 2330 1007 2362 nnm-

209 2378 297 2432 qosndo
308 2375 332 2418 t'e
340 2377 424 2418 bonum
433 2375 527 2420 certeris
536 2376 609 2418 vitiat
627 2372 688 2416 Plin.
697 2374 785 2428 ep.1X.
795 2377 829 2418 89.
840 2387 875 2429 pr.
885 2374 1009 2418 refiesnes

208 2437 244 2476 est
257 2433 311 2476 mibi
325 2430 394 2474 ecies
405 2431 496 2473 Cereris
509 2431 533 2472 in
543 2429 646 2484 praellis
659 2429 892 2473 innulimetmsius.
911 2427 1006 2472 Sueten.

208 2489 304 2544 Vesper.
311 2489 344 2528 ll.
351 2487 455 2530 cirltstes
464 2485 565 2528 sidietur
573 2485 674 2528 restituit
683 2483 708 2526 in
716 2484 800 2528 mellus.
830 2485 878 2528 cio.
888 2497 930 2539 pro
940 2485 1007 2530 llere.

209 2543 285 2588 Anser.
292 2541 351 2608 Μ.
357 2545 405 2584 108.
419 2539 503 2607 yidete
513 2553 583 2591 eune,
594 2552 660 2595 quen
669 2551 735 2584 msa
743 2546 767 2586 et
774 2545 866 2584 vetata
874 2539 898 2582 in
905 2540 1008 2598 peiorem
1021 2539 1025 2546 “

208 2607 301 2657 patum
309 2604 355 2642 met
364 2609 448 2661 emmo.

505 2703 716 2722 aunan—um
