<?xml version="1.0" encoding="UTF-8"?>
<!DOCTYPE html PUBLIC "-//W3C//DTD XHTML 1.0 Transitional//EN"
    "http://www.w3.org/TR/xhtml1/DTD/xhtml1-transitional.dtd">
<html xmlns="http://www.w3.org/1999/xhtml" xml:lang="en" lang="en">
 <head>
  <title>
</title>
<meta http-equiv="Content-Type" content="text/html;charset=utf-8" />
  <meta name='ocr-system' content='tesseract 3.04.00' />
  <meta name='ocr-capabilities' content='ocr_page ocr_carea ocr_par ocr_line ocrx_word'/>
</head>
<body>
  <div class='ocr_page' id='page_1' title='image "./mantoniimuretie00muregoog_0209.png"; bbox 0 0 2146 3008; ppageno 0'>
   <div class='ocr_carea' id='block_1_1' title="bbox 180 109 1036 188">
    <p class='ocr_par' dir='ltr' id='par_1_1' title="bbox 180 109 1036 188">
     <span class='ocr_line' id='line_1_1' title="bbox 180 109 1036 188; baseline 0.002 -24"><span class='ocrx_word' id='word_1_1' title='bbox 180 109 229 164; x_wconf 78' lang='lat' dir='ltr'>tuo</span> <span class='ocrx_word' id='word_1_2' title='bbox 443 109 730 165; x_wconf 82' lang='lat' dir='ltr'>oosrroxvur.</span> <span class='ocrx_word' id='word_1_3' title='bbox 1035 130 1036 188; x_wconf 72' lang='lat' dir='ltr'>t</span> 
     </span>
    </p>
   </div>
   <div class='ocr_carea' id='block_1_2' title="bbox 81 202 1040 2276">
    <p class='ocr_par' dir='ltr' id='par_1_2' title="bbox 134 202 1040 1011">
     <span class='ocr_line' id='line_1_2' title="bbox 178 202 1037 278; baseline 0.003 -15"><span class='ocrx_word' id='word_1_4' title='bbox 178 225 214 263; x_wconf 82' lang='lat' dir='ltr'>ne</span> <span class='ocrx_word' id='word_1_5' title='bbox 225 211 260 264; x_wconf 87' lang='lat' dir='ltr'>de</span> <span class='ocrx_word' id='word_1_6' title='bbox 269 223 326 274; x_wconf 86' lang='lat' dir='ltr'>me,</span> <span class='ocrx_word' id='word_1_7' title='bbox 338 214 367 262; x_wconf 81' lang='lat' dir='ltr'>et</span> <span class='ocrx_word' id='word_1_8' title='bbox 377 207 431 262; x_wconf 83' lang='lat' dir='ltr'>hoc</span> <span class='ocrx_word' id='word_1_9' title='bbox 441 216 570 276; x_wconf 82' lang='lat' dir='ltr'>suscepto</span> <span class='ocrx_word' id='word_1_10' title='bbox 581 225 708 273; x_wconf 84' lang='lat' dir='ltr'>munere,</span> <span class='ocrx_word' id='word_1_11' title='bbox 720 211 794 278; x_wconf 87' lang='lat' dir='ltr'>quod</span> <span class='ocrx_word' id='word_1_12' title='bbox 806 213 840 264; x_wconf 82' lang='lat' dir='ltr'>sb</span> <span class='ocrx_word' id='word_1_13' title='bbox 851 214 924 264; x_wconf 90' lang='lat' dir='ltr'>omni</span> <span class='ocrx_word' id='word_1_14' title='bbox 935 227 979 266; x_wconf 77' lang='lat' dir='ltr'>vs·</span> <span class='ocrx_word' id='word_1_15' title='bbox 1036 202 1037 234; x_wconf 61' lang='lat'>¹</span> 
     </span>
     <span class='ocr_line' id='line_1_3' title="bbox 134 272 1038 346; baseline 0.001 -16"><span class='ocrx_word' id='word_1_16' title='bbox 134 335 143 346; x_wconf 55' lang='lat'>‚</span> <span class='ocrx_word' id='word_1_17' title='bbox 179 281 267 330; x_wconf 77' lang='lat' dir='ltr'>nitate</span> <span class='ocrx_word' id='word_1_18' title='bbox 277 278 438 344; x_wconf 74' lang='lat' dir='ltr'><strong>longissime</strong></span> <span class='ocrx_word' id='word_1_19' title='bbox 454 275 553 327; x_wconf 78' lang='lat' dir='ltr'>abesse</span> <span class='ocrx_word' id='word_1_20' title='bbox 569 275 664 340; x_wconf 88' lang='lat' dir='ltr'>debet,</span> <span class='ocrx_word' id='word_1_21' title='bbox 678 279 702 328; x_wconf 88' lang='lat' dir='ltr'>si</span> <span class='ocrx_word' id='word_1_22' title='bbox 714 293 861 346; x_wconf 82' lang='lat' dir='ltr'>puerorum</span> <span class='ocrx_word' id='word_1_23' title='bbox 874 286 924 331; x_wconf 80' lang='lat' dir='ltr'>aut</span> <span class='ocrx_word' id='word_1_24' title='bbox 936 295 979 331; x_wconf 89' lang='lat' dir='ltr'>so·</span> <span class='ocrx_word' id='word_1_25' title='bbox 1037 272 1038 330; x_wconf 70' lang='lat' dir='ltr'>i</span> 
     </span>
     <span class='ocr_line' id='line_1_4' title="bbox 180 342 1039 412; baseline -0.005 -16"><span class='ocrx_word' id='word_1_26' title='bbox 180 343 333 411; x_wconf 82' lang='lat' dir='ltr'>phistorum</span> <span class='ocrx_word' id='word_1_27' title='bbox 342 345 371 394; x_wconf 92' lang='lat' dir='ltr'>in</span> <span class='ocrx_word' id='word_1_28' title='bbox 381 355 486 394; x_wconf 78' lang='lat' dir='ltr'>morem</span> <span class='ocrx_word' id='word_1_29' title='bbox 497 343 531 393; x_wconf 84' lang='lat' dir='ltr'>de</span> <span class='ocrx_word' id='word_1_30' title='bbox 542 343 677 394; x_wconf 75' lang='lat' dir='ltr'>contendo</span> <span class='ocrx_word' id='word_1_31' title='bbox 687 359 719 396; x_wconf 80' lang='lat' dir='ltr'>oo</span> <span class='ocrx_word' id='word_1_32' title='bbox 729 346 867 412; x_wconf 79' lang='lat' dir='ltr'>pingendo</span> <span class='ocrx_word' id='word_1_33' title='bbox 877 349 978 398; x_wconf 77' lang='lat' dir='ltr'>oratio·</span> <span class='ocrx_word' id='word_1_34' title='bbox 1028 342 1039 392; x_wconf 52' lang='lat' dir='ltr'>*i</span> 
     </span>
     <span class='ocr_line' id='line_1_5' title="bbox 180 409 1040 471; baseline 0.003 -10"><span class='ocrx_word' id='word_1_35' title='bbox 180 426 215 464; x_wconf 85' lang='lat' dir='ltr'>ne</span> <span class='ocrx_word' id='word_1_36' title='bbox 226 411 363 463; x_wconf 86' lang='lat' dir='ltr'>sollicitus</span> <span class='ocrx_word' id='word_1_37' title='bbox 373 411 437 471; x_wconf 89' lang='lat' dir='ltr'>sim,</span> <span class='ocrx_word' id='word_1_38' title='bbox 452 415 480 460; x_wconf 86' lang='lat' dir='ltr'>et</span> <span class='ocrx_word' id='word_1_39' title='bbox 489 409 549 460; x_wconf 86' lang='lat' dir='ltr'>siue</span> <span class='ocrx_word' id='word_1_40' title='bbox 559 409 617 461; x_wconf 84' lang='lat' dir='ltr'>ulla</span> <span class='ocrx_word' id='word_1_41' title='bbox 626 413 793 464; x_wconf 83' lang='lat' dir='ltr'>necessitate</span> <span class='ocrx_word' id='word_1_42' title='bbox 808 427 856 462; x_wconf 85' lang='lat' dir='ltr'>eas</span> <span class='ocrx_word' id='word_1_43' title='bbox 865 409 933 464; x_wconf 91' lang='lat' dir='ltr'>mihi</span> <span class='ocrx_word' id='word_1_44' title='bbox 944 411 978 464; x_wconf 82' lang='lat' dir='ltr'>ad</span> <span class='ocrx_word' id='word_1_45' title='bbox 1039 414 1040 430; x_wconf 67' lang='lat'>¹</span> 
     </span>
     <span class='ocr_line' id='line_1_6' title="bbox 180 475 976 544; baseline -0.001 -14"><span class='ocrx_word' id='word_1_46' title='bbox 180 477 327 530; x_wconf 86' lang='lat' dir='ltr'>dicendum</span> <span class='ocrx_word' id='word_1_47' title='bbox 337 477 468 528; x_wconf 79' lang='lat' dir='ltr'>materias</span> <span class='ocrx_word' id='word_1_48' title='bbox 479 475 612 544; x_wconf 76' lang='lat' dir='ltr'>deligam,</span> <span class='ocrx_word' id='word_1_49' title='bbox 626 478 655 528; x_wconf 92' lang='lat' dir='ltr'>in</span> <span class='ocrx_word' id='word_1_50' title='bbox 666 479 765 543; x_wconf 87' lang='lat' dir='ltr'>quibus</span> <span class='ocrx_word' id='word_1_51' title='bbox 776 478 849 529; x_wconf 85' lang='lat' dir='ltr'>belle</span> <span class='ocrx_word' id='word_1_52' title='bbox 861 491 894 528; x_wconf 84' lang='lat' dir='ltr'>oe</span> <span class='ocrx_word' id='word_1_53' title='bbox 906 493 976 529; x_wconf 86' lang='lat' dir='ltr'>com·</span> 
     </span>
     <span class='ocr_line' id='line_1_7' title="bbox 178 542 976 612; baseline 0.003 -18"><span class='ocrx_word' id='word_1_54' title='bbox 178 546 262 596; x_wconf 87' lang='lat' dir='ltr'>mode</span> <span class='ocrx_word' id='word_1_55' title='bbox 280 543 385 610; x_wconf 84' lang='lat' dir='ltr'>aliquid</span> <span class='ocrx_word' id='word_1_56' title='bbox 404 543 496 596; x_wconf 81' lang='lat' dir='ltr'><strong>dicere</strong></span> <span class='ocrx_word' id='word_1_57' title='bbox 512 542 715 611; x_wconf 75' lang='lat' dir='ltr'>possevideart</span> <span class='ocrx_word' id='word_1_58' title='bbox 733 547 834 612; x_wconf 82' lang='lat' dir='ltr'>ineptis</span> <span class='ocrx_word' id='word_1_59' title='bbox 856 545 976 602; x_wconf 81' lang='lat' dir='ltr'>fortasse</span> 
     </span>
     <span class='ocr_line' id='line_1_8' title="bbox 179 608 978 679; baseline -0.001 -17"><span class='ocrx_word' id='word_1_60' title='bbox 179 616 289 678; x_wconf 78' lang='lat' dir='ltr'>gratum</span> <span class='ocrx_word' id='word_1_61' title='bbox 299 608 412 672; x_wconf 77' lang='lat' dir='ltr'>faciam,</span> <span class='ocrx_word' id='word_1_62' title='bbox 432 625 501 676; x_wconf 87' lang='lat' dir='ltr'>quos</span> <span class='ocrx_word' id='word_1_63' title='bbox 512 623 621 678; x_wconf 86' lang='lat' dir='ltr'>semper</span> <span class='ocrx_word' id='word_1_64' title='bbox 630 609 724 661; x_wconf 83' lang='lat' dir='ltr'>fucata</span> <span class='ocrx_word' id='word_1_65' title='bbox 742 617 771 662; x_wconf 88' lang='lat' dir='ltr'>et</span> <span class='ocrx_word' id='word_1_66' title='bbox 780 612 874 679; x_wconf 84' lang='lat' dir='ltr'>inanis</span> <span class='ocrx_word' id='word_1_67' title='bbox 887 613 978 662; x_wconf 81' lang='lat' dir='ltr'>omnis</span> 
     </span>
     <span class='ocr_line' id='line_1_9' title="bbox 178 676 976 745; baseline 0 -17"><span class='ocrx_word' id='word_1_68' title='bbox 178 677 267 743; x_wconf 81' lang='lat' dir='ltr'>magis</span> <span class='ocrx_word' id='word_1_69' title='bbox 278 689 359 741; x_wconf 81' lang='lat' dir='ltr'>quom</span> <span class='ocrx_word' id='word_1_70' title='bbox 372 690 439 726; x_wconf 77' lang='lat' dir='ltr'>vera</span> <span class='ocrx_word' id='word_1_71' title='bbox 452 681 481 726; x_wconf 88' lang='lat' dir='ltr'>et</span> <span class='ocrx_word' id='word_1_72' title='bbox 492 676 584 728; x_wconf 87' lang='lat' dir='ltr'>solida</span> <span class='ocrx_word' id='word_1_73' title='bbox 594 676 744 743; x_wconf 79' lang='lat' dir='ltr'>delectant3</span> <span class='ocrx_word' id='word_1_74' title='bbox 763 679 887 745; x_wconf 80' lang='lat' dir='ltr'>gravium</span> <span class='ocrx_word' id='word_1_75' title='bbox 903 685 976 729; x_wconf 83' lang='lat' dir='ltr'>certo</span> 
     </span>
     <span class='ocr_line' id='line_1_10' title="bbox 179 740 978 812; baseline 0 -18"><span class='ocrx_word' id='word_1_76' title='bbox 179 757 212 794; x_wconf 80' lang='lat' dir='ltr'>oo</span> <span class='ocrx_word' id='word_1_77' title='bbox 226 743 433 806; x_wconf 57' lang='lat' dir='ltr'>cordatorum)</span> <span class='ocrx_word' id='word_1_78' title='bbox 453 740 593 796; x_wconf 90' lang='lat' dir='ltr'>hominum</span> <span class='ocrx_word' id='word_1_79' title='bbox 609 759 665 796; x_wconf 88' lang='lat' dir='ltr'>non</span> <span class='ocrx_word' id='word_1_80' title='bbox 681 743 812 812; x_wconf 81' lang='lat' dir='ltr'>effugiam</span> <span class='ocrx_word' id='word_1_81' title='bbox 825 745 926 794; x_wconf 80' lang='lat' dir='ltr'>iustum</span> <span class='ocrx_word' id='word_1_82' title='bbox 946 755 978 794; x_wconf 86' lang='lat' dir='ltr'>uo</span> 
     </span>
     <span class='ocr_line' id='line_1_11' title="bbox 178 808 977 878; baseline -0.001 -17"><span class='ocrx_word' id='word_1_83' title='bbox 178 810 305 861; x_wconf 72' lang='lat' dir='ltr'>meritam</span> <span class='ocrx_word' id='word_1_84' title='bbox 323 808 578 873; x_wconf 75' lang='lat' dir='ltr'>reprehensionem.</span> <span class='ocrx_word' id='word_1_85' title='bbox 614 810 804 878; x_wconf 81' lang='lat' dir='ltr'>Obsequomur</span> <span class='ocrx_word' id='word_1_86' title='bbox 814 810 900 878; x_wconf 82' lang='lat' dir='ltr'>igitur</span> <span class='ocrx_word' id='word_1_87' title='bbox 914 809 977 861; x_wconf 81' lang='lat' dir='ltr'>ami·</span> 
     </span>
     <span class='ocr_line' id='line_1_12' title="bbox 178 875 978 944; baseline 0.004 -18"><span class='ocrx_word' id='word_1_88' title='bbox 178 889 273 927; x_wconf 85' lang='lat' dir='ltr'>eorum</span> <span class='ocrx_word' id='word_1_89' title='bbox 283 875 467 942; x_wconf 76' lang='lat' dir='ltr'>petitioni**)‚</span> <span class='ocrx_word' id='word_1_90' title='bbox 487 876 536 928; x_wconf 85' lang='lat' dir='ltr'>sed</span> <span class='ocrx_word' id='word_1_91' title='bbox 546 878 597 940; x_wconf 76' lang='lat' dir='ltr'>its,</span> <span class='ocrx_word' id='word_1_92' title='bbox 607 885 638 930; x_wconf 88' lang='lat' dir='ltr'>ut</span> <span class='ocrx_word' id='word_1_93' title='bbox 648 893 681 928; x_wconf 85' lang='lat' dir='ltr'>ne</span> <span class='ocrx_word' id='word_1_94' title='bbox 694 879 902 938; x_wconf 78' lang='lat' dir='ltr'>obliviscamur,</span> <span class='ocrx_word' id='word_1_95' title='bbox 913 876 978 944; x_wconf 86' lang='lat' dir='ltr'>quid</span> 
     </span>
     <span class='ocr_line' id='line_1_13' title="bbox 178 942 977 1011; baseline -0.001 -17"><span class='ocrx_word' id='word_1_96' title='bbox 178 942 285 994; x_wconf 81' lang='lat' dir='ltr'>deceat.</span> <span class='ocrx_word' id='word_1_97' title='bbox 321 942 515 1009; x_wconf 77' lang='lat' dir='ltr'>Explicaturus</span> <span class='ocrx_word' id='word_1_98' title='bbox 529 961 588 995; x_wconf 83' lang='lat' dir='ltr'>sum</span> <span class='ocrx_word' id='word_1_99' title='bbox 604 952 779 1011; x_wconf 68' lang='lat' dir='ltr'>campartem</span> <span class='ocrx_word' id='word_1_100' title='bbox 789 944 977 1011; x_wconf 81' lang='lat' dir='ltr'>Digestorum,</span> 
     </span>
    </p>

    <p class='ocr_par' dir='ltr' id='par_1_3' title="bbox 177 1009 977 1078">
     <span class='ocr_line' id='line_1_14' title="bbox 177 1009 977 1078; baseline 0.003 -18"><span class='ocrx_word' id='word_1_101' title='bbox 177 1010 206 1060; x_wconf 88' lang='lat' dir='ltr'>in</span> <span class='ocrx_word' id='word_1_102' title='bbox 236 1025 272 1060; x_wconf 82' lang='lat' dir='ltr'>ua</span> <span class='ocrx_word' id='word_1_103' title='bbox 284 1009 319 1060; x_wconf 84' lang='lat' dir='ltr'>do</span> <span class='ocrx_word' id='word_1_104' title='bbox 332 1011 443 1062; x_wconf 87' lang='lat' dir='ltr'>iudiciis</span> <span class='ocrx_word' id='word_1_105' title='bbox 457 1011 613 1063; x_wconf 78' lang='lat' dir='ltr'>disseritur.</span> <span class='ocrx_word' id='word_1_106' title='bbox 649 1011 792 1078; x_wconf 72' lang='lat' dir='ltr'>sedonius</span> <span class='ocrx_word' id='word_1_107' title='bbox 807 1011 896 1062; x_wconf 82' lang='lat' dir='ltr'>dicam</span> <span class='ocrx_word' id='word_1_108' title='bbox 911 1025 977 1062; x_wconf 90' lang='lat' dir='ltr'>non·</span> 
     </span>
    </p>

    <p class='ocr_par' dir='ltr' id='par_1_4' title="bbox 177 1025 980 1545">
     <span class='ocr_line' id='line_1_15' title="bbox 177 1025 977 1146; baseline 0 -18"><span class='ocrx_word' id='word_1_109' title='bbox 177 1025 255 1128; x_wconf 66' lang='lat' dir='ltr'>nufls</span> <span class='ocrx_word' id='word_1_110' title='bbox 265 1076 299 1127; x_wconf 90' lang='lat' dir='ltr'>de</span> <span class='ocrx_word' id='word_1_111' title='bbox 307 1077 368 1143; x_wconf 76' lang='lat' dir='ltr'>ipso</span> <span class='ocrx_word' id='word_1_112' title='bbox 378 1092 491 1130; x_wconf 83' lang='lat' dir='ltr'>munere</span> <span class='ocrx_word' id='word_1_113' title='bbox 501 1077 650 1140; x_wconf 78' lang='lat' dir='ltr'>iudicandi,</span> <span class='ocrx_word' id='word_1_114' title='bbox 662 1086 792 1146; x_wconf 64' lang='lat' dir='ltr'>querutum</span> <span class='ocrx_word' id='word_1_115' title='bbox 803 1079 830 1128; x_wconf 93' lang='lat' dir='ltr'>in</span> <span class='ocrx_word' id='word_1_116' title='bbox 842 1091 875 1128; x_wconf 91' lang='lat' dir='ltr'>eo</span> <span class='ocrx_word' id='word_1_117' title='bbox 888 1078 925 1128; x_wconf 83' lang='lat' dir='ltr'>sit</span> <span class='ocrx_word' id='word_1_118' title='bbox 933 1092 977 1128; x_wconf 80' lang='lat' dir='ltr'>nu·</span> 
     </span>
     <span class='ocr_line' id='line_1_16' title="bbox 178 1144 978 1211; baseline -0.003 -15"><span class='ocrx_word' id='word_1_119' title='bbox 178 1144 332 1206; x_wconf 78' lang='lat' dir='ltr'>ctoritatis,</span> <span class='ocrx_word' id='word_1_120' title='bbox 371 1151 483 1196; x_wconf 79' lang='lat' dir='ltr'>uantum</span> <span class='ocrx_word' id='word_1_121' title='bbox 501 1144 633 1211; x_wconf 82' lang='lat' dir='ltr'>ponderis</span> <span class='ocrx_word' id='word_1_122' title='bbox 653 1152 681 1196; x_wconf 80' lang='lat' dir='ltr'>et</span> <span class='ocrx_word' id='word_1_123' title='bbox 695 1147 827 1198; x_wconf 83' lang='lat' dir='ltr'>momenti</span> <span class='ocrx_word' id='word_1_124' title='bbox 843 1145 878 1196; x_wconf 82' lang='lat' dir='ltr'>ud</span> <span class='ocrx_word' id='word_1_125' title='bbox 890 1145 978 1195; x_wconf 85' lang='lat' dir='ltr'>totius</span> 
     </span>
     <span class='ocr_line' id='line_1_17' title="bbox 177 1159 978 1278; baseline -0.001 -16"><span class='ocrx_word' id='word_1_126' title='bbox 177 1159 534 1276; x_wconf 41' lang='lat' dir='ltr'>reipublioooffelioitotem</span> <span class='ocrx_word' id='word_1_127' title='bbox 550 1218 620 1275; x_wconf 88' lang='lat' dir='ltr'>tum,</span> <span class='ocrx_word' id='word_1_128' title='bbox 631 1210 740 1278; x_wconf 84' lang='lat' dir='ltr'>qualem</span> <span class='ocrx_word' id='word_1_129' title='bbox 751 1226 813 1264; x_wconf 84' lang='lat' dir='ltr'>esse</span> <span class='ocrx_word' id='word_1_130' title='bbox 824 1226 886 1262; x_wconf 90' lang='lat' dir='ltr'>eum</span> <span class='ocrx_word' id='word_1_131' title='bbox 898 1225 978 1276; x_wconf 87' lang='lat' dir='ltr'>opor·</span> 
     </span>
     <span class='ocr_line' id='line_1_18' title="bbox 178 1277 977 1346; baseline -0.003 -18"><span class='ocrx_word' id='word_1_132' title='bbox 178 1283 250 1340; x_wconf 81' lang='lat' dir='ltr'>teat,</span> <span class='ocrx_word' id='word_1_133' title='bbox 261 1279 308 1345; x_wconf 89' lang='lat' dir='ltr'>qui</span> <span class='ocrx_word' id='word_1_134' title='bbox 320 1278 345 1328; x_wconf 87' lang='lat' dir='ltr'>ei</span> <span class='ocrx_word' id='word_1_135' title='bbox 355 1279 463 1330; x_wconf 86' lang='lat' dir='ltr'>muneri</span> <span class='ocrx_word' id='word_1_136' title='bbox 471 1287 549 1330; x_wconf 82' lang='lat' dir='ltr'>reete</span> <span class='ocrx_word' id='word_1_137' title='bbox 558 1286 586 1330; x_wconf 81' lang='lat' dir='ltr'>et</span> <span class='ocrx_word' id='word_1_138' title='bbox 594 1293 645 1344; x_wconf 81' lang='lat' dir='ltr'>pro</span> <span class='ocrx_word' id='word_1_139' title='bbox 657 1278 791 1346; x_wconf 82' lang='lat' dir='ltr'>dignitate</span> <span class='ocrx_word' id='word_1_140' title='bbox 801 1277 977 1344; x_wconf 77' lang='lat' dir='ltr'>praefuturus</span> 
     </span>
     <span class='ocr_line' id='line_1_19' title="bbox 179 1343 979 1412; baseline -0.003 -16"><span class='ocrx_word' id='word_1_141' title='bbox 179 1344 228 1407; x_wconf 83' lang='lat' dir='ltr'>sit3</span> <span class='ocrx_word' id='word_1_142' title='bbox 248 1359 318 1411; x_wconf 84' lang='lat' dir='ltr'>quae</span> <span class='ocrx_word' id='word_1_143' title='bbox 333 1345 362 1395; x_wconf 90' lang='lat' dir='ltr'>in</span> <span class='ocrx_word' id='word_1_144' title='bbox 374 1346 523 1398; x_wconf 80' lang='lat' dir='ltr'>iudicando</span> <span class='ocrx_word' id='word_1_145' title='bbox 537 1345 686 1407; x_wconf 77' lang='lat' dir='ltr'>servanda,</span> <span class='ocrx_word' id='word_1_146' title='bbox 706 1359 830 1412; x_wconf 83' lang='lat' dir='ltr'>quaeque</span> <span class='ocrx_word' id='word_1_147' title='bbox 846 1343 979 1410; x_wconf 79' lang='lat' dir='ltr'>fugiendo</span> 
     </span>
     <span class='ocr_line' id='line_1_20' title="bbox 180 1411 979 1477; baseline -0.004 -15"><span class='ocrx_word' id='word_1_148' title='bbox 180 1412 336 1464; x_wconf 80' lang='lat' dir='ltr'>videantur:</span> <span class='ocrx_word' id='word_1_149' title='bbox 356 1425 427 1477; x_wconf 86' lang='lat' dir='ltr'>quoe</span> <span class='ocrx_word' id='word_1_150' title='bbox 441 1413 532 1463; x_wconf 83' lang='lat' dir='ltr'>omnia</span> <span class='ocrx_word' id='word_1_151' title='bbox 545 1427 562 1463; x_wconf 82' lang='lat' dir='ltr'><strong>a</strong></span> <span class='ocrx_word' id='word_1_152' title='bbox 576 1413 679 1462; x_wconf 82' lang='lat' dir='ltr'>nostris</span> <span class='ocrx_word' id='word_1_153' title='bbox 691 1412 801 1476; x_wconf 83' lang='lat' dir='ltr'>quidem</span> <span class='ocrx_word' id='word_1_154' title='bbox 812 1411 912 1474; x_wconf 82' lang='lat' dir='ltr'>purtim</span> <span class='ocrx_word' id='word_1_155' title='bbox 921 1424 979 1460; x_wconf 89' lang='lat' dir='ltr'>mo·</span> 
     </span>
     <span class='ocr_line' id='line_1_21' title="bbox 180 1475 980 1545; baseline -0.009 -12"><span class='ocrx_word' id='word_1_156' title='bbox 180 1478 242 1533; x_wconf 79' lang='lat' dir='ltr'>dice</span> <span class='ocrx_word' id='word_1_157' title='bbox 262 1480 447 1545; x_wconf 75' lang='lat' dir='ltr'>attinguntur,</span> <span class='ocrx_word' id='word_1_158' title='bbox 467 1479 566 1542; x_wconf 80' lang='lat' dir='ltr'>partim</span> <span class='ocrx_word' id='word_1_159' title='bbox 582 1483 614 1528; x_wconf 91' lang='lat' dir='ltr'>ut</span> <span class='ocrx_word' id='word_1_160' title='bbox 629 1482 706 1526; x_wconf 80' lang='lat' dir='ltr'>certo</span> <span class='ocrx_word' id='word_1_161' title='bbox 718 1483 746 1526; x_wconf 86' lang='lat' dir='ltr'>st</span> <span class='ocrx_word' id='word_1_162' title='bbox 760 1475 917 1542; x_wconf 64' lang='lat' dir='ltr'>indubitata</span> <span class='ocrx_word' id='word_1_163' title='bbox 931 1490 980 1542; x_wconf 84' lang='lat' dir='ltr'>po-</span> 
     </span>
    </p>

    <p class='ocr_par' dir='ltr' id='par_1_5' title="bbox 81 1539 982 2138">
     <span class='ocr_line' id='line_1_22' title="bbox 81 1539 980 1610; baseline -0.004 -14"><span class='ocrx_word' id='word_1_164' title='bbox 81 1583 96 1596; x_wconf 86' lang='lat'>..</span> <span class='ocrx_word' id='word_1_165' title='bbox 179 1551 293 1608; x_wconf 84' lang='lat' dir='ltr'>nuutur;</span> <span class='ocrx_word' id='word_1_166' title='bbox 307 1560 324 1594; x_wconf 80' lang='lat' dir='ltr'>a</span> <span class='ocrx_word' id='word_1_167' title='bbox 333 1542 506 1610; x_wconf 81' lang='lat' dir='ltr'>philosophis</span> <span class='ocrx_word' id='word_1_168' title='bbox 520 1547 624 1601; x_wconf 82' lang='lat' dir='ltr'>autem,</span> <span class='ocrx_word' id='word_1_169' title='bbox 639 1540 712 1590; x_wconf 87' lang='lat' dir='ltr'>unde</span> <span class='ocrx_word' id='word_1_170' title='bbox 724 1546 820 1590; x_wconf 83' lang='lat' dir='ltr'>nostru</span> <span class='ocrx_word' id='word_1_171' title='bbox 829 1539 980 1604; x_wconf 84' lang='lat' dir='ltr'>fluxerunt,</span> 
     </span>
     <span class='ocr_line' id='line_1_23' title="bbox 180 1603 980 1674; baseline -0.005 -12"><span class='ocrx_word' id='word_1_172' title='bbox 180 1619 309 1662; x_wconf 82' lang='lat' dir='ltr'>accurate</span> <span class='ocrx_word' id='word_1_173' title='bbox 318 1625 351 1660; x_wconf 85' lang='lat' dir='ltr'>ac</span> <span class='ocrx_word' id='word_1_174' title='bbox 360 1611 473 1674; x_wconf 78' lang='lat' dir='ltr'>copiose</span> <span class='ocrx_word' id='word_1_175' title='bbox 480 1603 750 1671; x_wconf 74' lang='lat' dir='ltr'>pertracterisolent.</span> <span class='ocrx_word' id='word_1_176' title='bbox 776 1603 874 1652; x_wconf 83' lang='lat' dir='ltr'>Dicam</span> <span class='ocrx_word' id='word_1_177' title='bbox 885 1614 980 1657; x_wconf 85' lang='lat' dir='ltr'>autern</span> 
     </span>
     <span class='ocr_line' id='line_1_24' title="bbox 180 1666 982 1734; baseline -0.011 -5"><span class='ocrx_word' id='word_1_178' title='bbox 180 1693 237 1729; x_wconf 90' lang='lat' dir='ltr'>non</span> <span class='ocrx_word' id='word_1_179' title='bbox 257 1675 380 1728; x_wconf 85' lang='lat' dir='ltr'>oratorio</span> <span class='ocrx_word' id='word_1_180' title='bbox 395 1675 489 1734; x_wconf 79' lang='lat' dir='ltr'>&#39;moro,</span> <span class='ocrx_word' id='word_1_181' title='bbox 509 1669 558 1720; x_wconf 86' lang='lat' dir='ltr'>sed</span> <span class='ocrx_word' id='word_1_182' title='bbox 572 1667 625 1717; x_wconf 86' lang='lat' dir='ltr'>hoc</span> <span class='ocrx_word' id='word_1_183' title='bbox 645 1673 742 1718; x_wconf 82' lang='lat' dir='ltr'>nostro</span> <span class='ocrx_word' id='word_1_184' title='bbox 759 1666 929 1717; x_wconf 85' lang='lat' dir='ltr'>scholastico</span> <span class='ocrx_word' id='word_1_185' title='bbox 950 1679 982 1722; x_wconf 87' lang='lat' dir='ltr'>et</span> 
     </span>
     <span class='ocr_line' id='line_1_25' title="bbox 180 1732 980 1802; baseline -0.013 -6"><span class='ocrx_word' id='word_1_186' title='bbox 180 1742 322 1796; x_wconf 82' lang='lat' dir='ltr'>umbratili</span> <span class='ocrx_word' id='word_1_187' title='bbox 343 1744 371 1788; x_wconf 86' lang='lat' dir='ltr'>et</span> <span class='ocrx_word' id='word_1_188' title='bbox 388 1737 498 1794; x_wconf 80' lang='lat' dir='ltr'>sedato,</span> <span class='ocrx_word' id='word_1_189' title='bbox 518 1747 574 1784; x_wconf 91' lang='lat' dir='ltr'>non</span> <span class='ocrx_word' id='word_1_190' title='bbox 592 1732 627 1783; x_wconf 78' lang='lat' dir='ltr'>ad</span> <span class='ocrx_word' id='word_1_191' title='bbox 645 1733 846 1801; x_wconf 81' lang='lat' dir='ltr'>permovendos</span> <span class='ocrx_word' id='word_1_192' title='bbox 859 1735 980 1802; x_wconf 65' lang='lat' dir='ltr'>ausimne,</span> 
     </span>
     <span class='ocr_line' id='line_1_26' title="bbox 180 1799 982 1863; baseline -0.007 -2"><span class='ocrx_word' id='word_1_193' title='bbox 180 1811 231 1861; x_wconf 80' lang='lat' dir='ltr'>sed</span> <span class='ocrx_word' id='word_1_194' title='bbox 241 1808 275 1860; x_wconf 84' lang='lat' dir='ltr'>ad</span> <span class='ocrx_word' id='word_1_195' title='bbox 286 1801 440 1862; x_wconf 78' lang='lat' dir='ltr'>docendos,</span> <span class='ocrx_word' id='word_1_196' title='bbox 454 1815 509 1852; x_wconf 89' lang='lat' dir='ltr'>non</span> <span class='ocrx_word' id='word_1_197' title='bbox 520 1799 555 1850; x_wconf 85' lang='lat' dir='ltr'>od</span> <span class='ocrx_word' id='word_1_198' title='bbox 565 1799 709 1852; x_wconf 82' lang='lat' dir='ltr'>faciendos</span> <span class='ocrx_word' id='word_1_199' title='bbox 720 1801 868 1863; x_wconf 79' lang='lat' dir='ltr'>clamores,</span> <span class='ocrx_word' id='word_1_200' title='bbox 883 1801 934 1854; x_wconf 85' lang='lat' dir='ltr'>sed</span> <span class='ocrx_word' id='word_1_201' title='bbox 944 1803 982 1855; x_wconf 83' lang='lat' dir='ltr'>ud</span> 
     </span>
     <span class='ocr_line' id='line_1_27' title="bbox 180 1867 981 1934; baseline -0.006 -7"><span class='ocrx_word' id='word_1_202' title='bbox 180 1875 321 1926; x_wconf 86' lang='lat' dir='ltr'>silentium</span> <span class='ocrx_word' id='word_1_203' title='bbox 331 1867 424 1934; x_wconf 77' lang='lat' dir='ltr'>potius</span> <span class='ocrx_word' id='word_1_204' title='bbox 438 1873 466 1918; x_wconf 87' lang='lat' dir='ltr'>et</span> <span class='ocrx_word' id='word_1_205' title='bbox 481 1867 662 1920; x_wconf 81' lang='lat' dir='ltr'>attentionem</span> <span class='ocrx_word' id='word_1_206' title='bbox 676 1868 853 1920; x_wconf 84' lang='lat' dir='ltr'>obtinendam</span> <span class='ocrx_word' id='word_1_207' title='bbox 866 1867 981 1922; x_wconf 85' lang='lat' dir='ltr'>idoneo.</span> 
     </span>
     <span class='ocr_line' id='line_1_28' title="bbox 179 1933 981 2000; baseline -0.004 -9"><span class='ocrx_word' id='word_1_208' title='bbox 179 1943 223 1992; x_wconf 78' lang='lat' dir='ltr'>lta</span> <span class='ocrx_word' id='word_1_209' title='bbox 243 1951 287 1988; x_wconf 90' lang='lat' dir='ltr'>me</span> <span class='ocrx_word' id='word_1_210' title='bbox 304 1933 373 1986; x_wconf 76' lang='lat' dir='ltr'>duas</span> <span class='ocrx_word' id='word_1_211' title='bbox 392 1946 438 1986; x_wconf 82' lang='lat' dir='ltr'>res</span> <span class='ocrx_word' id='word_1_212' title='bbox 457 1942 671 1988; x_wconf 86' lang='lat' dir='ltr'>consecuturum</span> <span class='ocrx_word' id='word_1_213' title='bbox 690 1951 752 1989; x_wconf 87' lang='lat' dir='ltr'>osse</span> <span class='ocrx_word' id='word_1_214' title='bbox 769 1935 892 2000; x_wconf 83' lang='lat' dir='ltr'>confido,</span> <span class='ocrx_word' id='word_1_215' title='bbox 912 1943 981 1988; x_wconf 84' lang='lat' dir='ltr'>utet</span> 
     </span>
     <span class='ocr_line' id='line_1_29' title="bbox 180 2000 981 2072; baseline 0 -18"><span class='ocrx_word' id='word_1_216' title='bbox 180 2003 332 2058; x_wconf 68' lang='lat' dir='ltr'>amicorum</span> <span class='ocrx_word' id='word_1_217' title='bbox 346 2000 490 2067; x_wconf 85' lang='lat' dir='ltr'>petitioni,</span> <span class='ocrx_word' id='word_1_218' title='bbox 507 2005 633 2055; x_wconf 84' lang='lat' dir='ltr'>siminus</span> <span class='ocrx_word' id='word_1_219' title='bbox 646 2005 740 2072; x_wconf 85' lang='lat' dir='ltr'>plone,</span> <span class='ocrx_word' id='word_1_220' title='bbox 754 2009 871 2054; x_wconf 81' lang='lat' dir='ltr'>atcerte</span> <span class='ocrx_word' id='word_1_221' title='bbox 886 2002 981 2071; x_wconf 78' lang='lat' dir='ltr'>aliqua</span> 
     </span>
     <span class='ocr_line' id='line_1_30' title="bbox 180 2067 979 2138; baseline -0.005 -13"><span class='ocrx_word' id='word_1_222' title='bbox 180 2076 304 2138; x_wconf 78' lang='lat' dir='ltr'>exparte</span> <span class='ocrx_word' id='word_1_223' title='bbox 315 2069 446 2134; x_wconf 81' lang='lat' dir='ltr'>satisfiat,</span> <span class='ocrx_word' id='word_1_224' title='bbox 461 2077 490 2123; x_wconf 88' lang='lat' dir='ltr'>et</span> <span class='ocrx_word' id='word_1_225' title='bbox 499 2067 553 2122; x_wconf 88' lang='lat' dir='ltr'>hoe</span> <span class='ocrx_word' id='word_1_226' title='bbox 563 2073 685 2137; x_wconf 79' lang='lat' dir='ltr'>quamvis</span> <span class='ocrx_word' id='word_1_227' title='bbox 699 2073 735 2124; x_wconf 76' lang='lat' dir='ltr'>ex</span> <span class='ocrx_word' id='word_1_228' title='bbox 746 2070 802 2122; x_wconf 78' lang='lat' dir='ltr'>alia</span> <span class='ocrx_word' id='word_1_229' title='bbox 816 2077 875 2122; x_wconf 80' lang='lat' dir='ltr'>arte</span> <span class='ocrx_word' id='word_1_230' title='bbox 886 2085 979 2122; x_wconf 81' lang='lat' dir='ltr'>aecer·</span> 
     </span>
    </p>

    <p class='ocr_par' dir='ltr' id='par_1_6' title="bbox 135 2137 979 2276">
     <span class='ocr_line' id='line_1_31' title="bbox 135 2137 979 2206; baseline -0.004 -15"><span class='ocrx_word' id='word_1_231' title='bbox 135 2145 137 2150; x_wconf 83' lang='grc'>’</span> <span class='ocrx_word' id='word_1_232' title='bbox 180 2139 263 2191; x_wconf 89' lang='lat' dir='ltr'>situm</span> <span class='ocrx_word' id='word_1_233' title='bbox 274 2137 492 2204; x_wconf 81' lang='lat' dir='ltr'>disputationum</span> <span class='ocrx_word' id='word_1_234' title='bbox 504 2153 626 2190; x_wconf 80' lang='lat' dir='ltr'>meatum</span> <span class='ocrx_word' id='word_1_235' title='bbox 643 2145 725 2206; x_wconf 77' lang='lat' dir='ltr'>caput</span> <span class='ocrx_word' id='word_1_236' title='bbox 738 2153 798 2188; x_wconf 85' lang='lat' dir='ltr'>oum</span> <span class='ocrx_word' id='word_1_237' title='bbox 813 2146 907 2190; x_wconf 85' lang='lat' dir='ltr'>cetero</span> <span class='ocrx_word' id='word_1_238' title='bbox 919 2151 979 2189; x_wconf 84' lang='lat' dir='ltr'>eor·</span> 
     </span>
     <span class='ocr_line' id='line_1_32' title="bbox 180 2204 900 2276; baseline -0.004 -18"><span class='ocrx_word' id='word_1_239' title='bbox 180 2219 249 2276; x_wconf 85' lang='lat' dir='ltr'>pore</span> <span class='ocrx_word' id='word_1_240' title='bbox 259 2206 328 2258; x_wconf 85' lang='lat' dir='ltr'>sutis</span> <span class='ocrx_word' id='word_1_241' title='bbox 338 2210 401 2273; x_wconf 81' lang='lat' dir='ltr'>apte</span> <span class='ocrx_word' id='word_1_242' title='bbox 412 2221 444 2258; x_wconf 84' lang='lat' dir='ltr'>ac</span> <span class='ocrx_word' id='word_1_243' title='bbox 458 2206 592 2260; x_wconf 84' lang='lat' dir='ltr'>concinne</span> <span class='ocrx_word' id='word_1_244' title='bbox 603 2204 755 2260; x_wconf 81' lang='lat' dir='ltr'>cohaerere</span> <span class='ocrx_word' id='word_1_245' title='bbox 765 2204 900 2257; x_wconf 78' lang='lat' dir='ltr'>videatur.</span> 
     </span>
    </p>
   </div>
   <div class='ocr_carea' id='block_1_3' title="bbox 121 2313 982 2692">
    <p class='ocr_par' dir='ltr' id='par_1_7' title="bbox 191 2313 978 2452">
     <span class='ocr_line' id='line_1_33' title="bbox 216 2313 978 2396; baseline -0.01 -10"><span class='ocrx_word' id='word_1_246' title='bbox 216 2339 236 2396; x_wconf 67' lang='lat'>⁸)</span> <span class='ocrx_word' id='word_1_247' title='bbox 251 2339 272 2386; x_wconf 89' lang='lat' dir='ltr'>l.</span> <span class='ocrx_word' id='word_1_248' title='bbox 282 2352 303 2384; x_wconf 85' lang='lat' dir='ltr'>e.</span> <span class='ocrx_word' id='word_1_249' title='bbox 313 2339 458 2395; x_wconf 75' lang='lat' dir='ltr'>sapientium,</span> <span class='ocrx_word' id='word_1_250' title='bbox 468 2338 620 2394; x_wconf 78' lang='lat' dir='ltr'>prudentium,</span> <span class='ocrx_word' id='word_1_251' title='bbox 630 2313 676 2382; x_wconf 73' lang='lat' dir='ltr'>non</span> <span class='ocrx_word' id='word_1_252' title='bbox 685 2337 798 2382; x_wconf 84' lang='lat' dir='ltr'>hominnm</span> <span class='ocrx_word' id='word_1_253' title='bbox 808 2337 915 2380; x_wconf 74' lang='lat' dir='ltr'>honorum</span> <span class='ocrx_word' id='word_1_254' title='bbox 925 2336 978 2378; x_wconf 73' lang='lat' dir='ltr'>sin·</span> 
     </span>
     <span class='ocr_line' id='line_1_34' title="bbox 191 2392 978 2452; baseline -0.005 -15"><span class='ocrx_word' id='word_1_255' title='bbox 191 2395 295 2452; x_wconf 68' lang='lat' dir='ltr'>»litisque</span> <span class='ocrx_word' id='word_1_256' title='bbox 304 2396 407 2439; x_wconf 68' lang='lat' dir='ltr'>ventui·</span> <span class='ocrx_word' id='word_1_257' title='bbox 416 2396 544 2439; x_wconf 73' lang='lat' dir='ltr'>amicorum.</span> <span class='ocrx_word' id='word_1_258' title='bbox 560 2393 591 2437; x_wconf 78' lang='lat' dir='ltr'>Et</span> <span class='ocrx_word' id='word_1_259' title='bbox 601 2396 634 2437; x_wconf 77' lang='lat' dir='ltr'>sie</span> <span class='ocrx_word' id='word_1_260' title='bbox 643 2395 671 2438; x_wconf 79' lang='lat' dir='ltr'>sb</span> <span class='ocrx_word' id='word_1_261' title='bbox 678 2395 755 2439; x_wconf 80' lang='lat' dir='ltr'>Ennio</span> <span class='ocrx_word' id='word_1_262' title='bbox 766 2393 825 2448; x_wconf 69' lang='lat' dir='ltr'>opud</span> <span class='ocrx_word' id='word_1_263' title='bbox 833 2393 879 2435; x_wconf 74' lang='lat' dir='ltr'>cie.</span> <span class='ocrx_word' id='word_1_264' title='bbox 886 2392 913 2434; x_wconf 76' lang='lat' dir='ltr'>de</span> <span class='ocrx_word' id='word_1_265' title='bbox 922 2399 978 2434; x_wconf 72' lang='lat' dir='ltr'>ortt.</span> 
     </span>
    </p>

    <p class='ocr_par' dir='ltr' id='par_1_8' title="bbox 180 2449 979 2610">
     <span class='ocr_line' id='line_1_35' title="bbox 195 2449 979 2512; baseline -0.011 -15"><span class='ocrx_word' id='word_1_266' title='bbox 195 2485 200 2498; x_wconf 89' lang='lat'><strong>.</strong></span> <span class='ocrx_word' id='word_1_267' title='bbox 210 2458 245 2496; x_wconf 72' lang='lat' dir='ltr'>to·</span> <span class='ocrx_word' id='word_1_268' title='bbox 257 2456 354 2512; x_wconf 73' lang='lat' dir='ltr'>propter</span> <span class='ocrx_word' id='word_1_269' title='bbox 363 2452 419 2494; x_wconf 82' lang='lat' dir='ltr'>iuris</span> <span class='ocrx_word' id='word_1_270' title='bbox 429 2451 503 2494; x_wconf 76' lang='lat' dir='ltr'>civilis</span> <span class='ocrx_word' id='word_1_271' title='bbox 513 2451 630 2494; x_wconf 69' lang='lat' dir='ltr'>seientiam</span> <span class='ocrx_word' id='word_1_272' title='bbox 640 2451 730 2504; x_wconf 65' lang='lat' dir='ltr'>egregie</span> <span class='ocrx_word' id='word_1_273' title='bbox 739 2452 846 2494; x_wconf 68' lang='lat' dir='ltr'>corniano</span> <span class='ocrx_word' id='word_1_274' title='bbox 856 2449 922 2491; x_wconf 80' lang='lat' dir='ltr'>homo</span> <span class='ocrx_word' id='word_1_275' title='bbox 938 2459 979 2502; x_wconf 76' lang='lat' dir='ltr'>sp·</span> 
     </span>
     <span class='ocr_line' id='line_1_36' title="bbox 180 2501 979 2610; baseline -0.006 -59"><span class='ocrx_word' id='word_1_276' title='bbox 180 2507 327 2610; x_wconf 30' lang='lat' dir='ltr'>&amp;lisaniam</span> <span class='ocrx_word' id='word_1_277' title='bbox 335 2505 414 2551; x_wconf 80' lang='lat' dir='ltr'>Aelius</span> <span class='ocrx_word' id='word_1_278' title='bbox 423 2503 515 2550; x_wconf 78' lang='lat' dir='ltr'>Sextus·</span> <span class='ocrx_word' id='word_1_279' title='bbox 545 2504 582 2549; x_wconf 81' lang='lat' dir='ltr'>Cf.</span> <span class='ocrx_word' id='word_1_280' title='bbox 592 2505 662 2550; x_wconf 79' lang='lat' dir='ltr'>Tuto.</span> <span class='ocrx_word' id='word_1_281' title='bbox 671 2505 691 2550; x_wconf 85' lang='lat'>1.</span> <span class='ocrx_word' id='word_1_282' title='bbox 701 2509 721 2550; x_wconf 77' lang='grc'>9.</span> <span class='ocrx_word' id='word_1_283' title='bbox 731 2505 751 2562; x_wconf 59' lang='grc' dir='ltr'>ξ.</span> <span class='ocrx_word' id='word_1_284' title='bbox 761 2511 793 2550; x_wconf 78' lang='grc'>18.</span> <span class='ocrx_word' id='word_1_285' title='bbox 817 2501 979 2554; x_wconf 61' lang='lat' dir='ltr'>florensem.</span> 
     </span>
    </p>

    <p class='ocr_par' dir='ltr' id='par_1_9' title="bbox 121 2615 982 2692">
     <span class='ocr_line' id='line_1_37' title="bbox 121 2615 982 2692; baseline -0.012 -25"><span class='ocrx_word' id='word_1_286' title='bbox 121 2681 123 2692; x_wconf 67' lang='lat'><em>,</em></span> <span class='ocrx_word' id='word_1_287' title='bbox 208 2622 238 2666; x_wconf 76' lang='lat' dir='ltr'>”i</span> <span class='ocrx_word' id='word_1_288' title='bbox 255 2618 677 2676; x_wconf 71' lang='lat' dir='ltr'>Potitiopropreeibusnonrsperitur</span> <span class='ocrx_word' id='word_1_289' title='bbox 686 2617 846 2676; x_wconf 73' lang='lat' dir='ltr'>spniitioneos</span> <span class='ocrx_word' id='word_1_290' title='bbox 856 2615 982 2672; x_wconf 75' lang='lat' dir='ltr'>seriptum</span> 
     </span>
    </p>
   </div>
   <div class='ocr_carea' id='block_1_4' title="bbox 0 0 1081 3008">
    <p class='ocr_par' dir='ltr' id='par_1_10' title="bbox 0 0 1081 3008">
     <span class='ocr_line' id='line_1_38' title="bbox 0 0 1081 3008; baseline 0 0"><span class='ocrx_word' id='word_1_291' title='bbox 0 0 1081 3008; x_wconf 95' lang='lat' dir='ltr'> </span> 
     </span>
    </p>
   </div>
  </div>
 </body>
</html>
