2146 3008
64 95 72 108 ’
145 98 274 183 ·lsnx
368 136 372 143 ·
443 131 710 188 onarroxvu.

205 229 382 298 improvisam
392 231 478 312 aspris
488 232 571 284 velati
579 233 749 300 penitentibus
759 212 875 304 angerem
958 283 961 293 ,

205 297 308 350 stesso
317 299 392 350 humi
400 309 501 376 aeteae,
511 299 795 368 trepidusqaerepeute
805 301 948 370 refugit*).

167 381 255 445 ,Quod
266 390 357 434 autem
367 383 446 450 quasi
456 383 656 448 tentamentum
665 381 838 436 defensionis
848 401 915 435 suae
925 400 970 450 po·

170 455 252 512 uuut,
266 465 322 500 non
332 463 415 516 posse
427 465 590 517 quemquam
603 465 732 518 magnum
744 451 971 502 iurisconsultuui

172 518 304 578 evadere,
324 517 369 566 cui
385 515 442 568 ulla
455 516 600 568 faciendae
620 531 653 566 ac
667 517 815 582 poliendae
835 518 971 568 orationis

172 597 239 634 cura
257 583 306 646 sit,
323 597 374 647 pro
390 581 480 633 Deum
493 582 690 644 immortalem,
711 585 830 646 etiamne
848 581 901 634 boe
915 589 971 634 tam

172 648 281 700 erudito
293 650 418 710 saeculo,
429 650 458 699 in
467 647 521 700 hac
530 655 608 701 tanta
616 649 678 700 luce
690 663 724 700 ac
732 651 879 716 splendore
890 651 971 700 disci-

190 715 308 766 lincrum
325 716 446 766 omnium
467 719 594 783 cuiquam
612 730 642 766 se
658 730 840 783 persuasurus
860 715 972 782 putanti

170 729 379 846 fluensquamne
394 796 428 833 ex
441 781 491 832 illo
507 797 558 834 suo
572 796 658 850 grege
670 783 813 848 inquinate
831 798 863 833 ao
877 789 971 833 conta-

169 847 273 900 minate
289 847 502 900 balbutientium
518 851 611 915 potius
629 864 710 916 quam
725 850 895 916 loquentium
927 863 972 898 ro-

171 913 372 982 ferent,·quem
385 930 446 967 cum
454 915 576 978 Alciato,
596 931 656 967 cum
666 915 814 980 Dusreno,
829 931 890 968 cum
901 864 971 966 gou-

170 995 243 1034 nano
263 997 424 1050 comparare
445 983 580 1045 audeaut!
606 982 662 1036 Sed
679 981 732 1034 bos
748 985 859 1036 omitto:
880 980 971 1043 adid,

171 1048 549 1118 quodinstitueram,redco.
573 1056 577 1066 '

188 1147 190 1152 .
204 1113 272 1166 Dixi
282 1123 401 1188 quatuor
411 1133 485 1178 esse,
499 1131 581 1184 quae,
598 1121 644 1183 qui
655 1118 698 1171 ius
710 1119 819 1178 docent,
829 1121 971 1182 praestare

172 1181 303 1235 debeant:
321 1191 353 1236 ut
363 1199 429 1236 vera
438 1185 570 1248 doceant,
584 1192 616 1236 ut
629 1185 664 1236 ad
677 1201 735 1236 rem
746 1181 925 1251 pertinentia,
940 1187 972 1230 ut

172 1250 283 1314 ordine,
294 1257 325 1303 ut
335 1265 437 1320 genere
449 1251 559 1304 dicendi
570 1259 634 1321 apto
646 1252 680 1303 ad
691 1250 861 1304 docendum·
883 1246 916 1304 ld,
924 1247 973 1313 qui
1061 1315 1062 1318 Ἴ

170 1331 228 1368 nou
240 1325 426 1384 praestarent,
438 1319 601 1387 culpavi**).
635 1317 718 1368 Dicet
727 1319 839 1397 aliquisr
858 1313 973 1375 Quidtu

170 1387 200 1434 tc
214 1384 301 1451 igitur
320 1400 353 1436 ea
365 1391 568 1452 praestaturum
583 1398 645 1434 esse
658 1384 816 1448 prosterne
849 1381 911 1433 Non
925 1395 973 1430 ou-

171 1451 282 1516 simffl)
302 1458 409 1503 tantum
425 1453 458 1502 de
477 1467 521 1502 ms
541 1456 588 1500 aut
599 1447 666 1501 mihi
680 1456 728 1500 aut
741 1449 821 1499 vobis
835 1448 974 1513 polliceri.

171 1518 244 1571 lllud
256 1519 366 1587 quidem
376 1534 431 1568 non
442 1519 598 1567 dubitanter
608 1517 722 1576 affirmo,
733 1528 821 1579 neque
831 1514 913 1577 plane
922 1515 975 1564 im-

171 1591 297 1654 paratum
308 1598 370 1635 esse
380 1597 423 1633 mc
434 1583 467 1632 ab
478 1584 520 1642 iis,
532 1593 601 1644 quae
611 1579 646 1628 ad
656 1580 684 1628 id
694 1579 867 1628 efficiendum
876 1593 976 1630 neees-

157 1707 159 1712 ,
173 1653 248 1704 saria
257 1657 331 1711 sunt,
346 1655 374 1699 et
383 1649 413 1697 ut
422 1647 459 1695 ali
480 1646 526 1694 uid
537 1643 602 1693 olim
613 1646 786 1708 praestitisse
797 1641 885 1700 dicar,
899 1657 976 1693 sum·
999 1695 1004 1698 ,

171 1729 245 1770 mam
256 1715 427 1782 diligentiam
441 1663 638 1760 adhibiturum.
673 1707 742 1769 Sed,
757 1713 787 1758 ut
797 1707 852 1756 diei
862 1711 976 1772 tempus

164 1783 229 1847 ¹est,
240 1783 344 1835 diutius
355 1775 497 1826 detinendi
510 1790 564 1835 non
578 1776 656 1826 estis.
690 1774 744 1825 Die
756 1773 876 1825 crastino
889 1788 977 1826 eona-

171 1851 225 1903 bor
238 1849 310 1899 viam
323 1843 402 1893 vobis
417 1842 523 1893 munire
538 1841 573 1892 ad
586 1841 695 1896 titulum
711 1843 745 1893 de
760 1841 849 1910 pactis
863 1842 976 1893 minore

171 1915 286 1982 negotio
297 1909 517 1975 intelligendum.
553 1909 661 1974 Dicam,
670 1925 719 1962 cur
729 1911 763 1962 de
773 1903 861 1976 pactis
872 1915 977 1975 agatur

172 1981 226 2034 hoc
236 1979 312 2041 loco;
331 1983 387 2026 tum
402 1977 467 2043 quid
482 1980 519 2030 sit
529 1985 652 2046 pactum,
667 1993 737 2045 quae
747 1982 891 2045 pactorum
904 1975 975 2027 (livi-

172 2047 278 2108 siones3
291 2044 339 2113 qui
348 2043 446 2112 quibus
456 2046 560 2110 pacisci
568 2047 688 2111 possint,
702 2047 801 2114 quique
812 2044 868 2094 siut
878 2047 975 2110 pacto·

171 2129 233 2164 rum
251 2111 377 2164 effectus.
412 2111 491 2166 llaec
509 2115 647 2165 crastinae
666 2111 861 2180 disputationis
881 2109 975 2174 capita

173 2178 268 2242 futura
286 2185 357 2230 sunt.
393 2177 459 2231 lude
474 2181 509 2232 ad
526 2196 559 2231 ea
570 2181 830 2232 iurisconsultorum
848 2182 973 2228 veterum
1061 2183 1063 2188 '

86 2244 90 2256 “
173 2245 341 2316 fragmenta,
353 2261 422 2314 quae
433 2249 462 2298 i'u
472 2246 544 2298 hunc
554 2247 665 2299 titulum
676 2247 765 2301 relata
775 2250 853 2309 sunt,
868 2241 973 2310 sigilla·

173 2315 441 2382 timintcrpretanda
449 2315 600 2367 veniemus.
636 2327 732 2374 nm„

221 2395 503 2454 comanensium
742 2425 744 2428 .

210 2460 230 2480 '¹
257 2445 976 2508 Pseudo-CiceroinSallustcap.d.pr.e.4.fi.ltatapadaliot.

202 2515 232 2536 ”¹
259 2510 306 2555 Cic.
316 2511 341 2552 in
349 2511 413 2552 Brut.
423 2511 443 2550 5.
453 2506 473 2560 ξ.
483 2511 515 2552 lt.
530 2507 582 2552 Non
595 2506 733 2558 mehercule,
746 2507 831 2564 inquit,
841 2506 884 2550 libi
894 2518 976 2560 repro·

175 2568 267 2610 mittere
276 2567 335 2626 istae
344 2565 434 2622 quidm
442 2563 514 2608 aaron
524 2563 565 2622 (al.
572 2578 637 2621 caspe
646 2561 707 2620 rim).
