2146 3008
348 169 500 224 ORATIO
518 169 613 222 XXV.
835 171 883 221 261
952 209 953 212 ,
998 243 1002 253 Ι

85 274 232 343 religionis
255 271 462 324 studiosissimo
481 272 618 340 principe,
647 269 832 322 concordibus
852 285 886 328 ao

89 342 255 394 consociatis
278 340 376 390 animis
401 341 481 390 enixo
507 341 599 390 omnia
616 336 733 399 facient,
761 351 831 403 quae
851 337 886 388 ad

89 423 198 460 errores
218 423 253 458 ex
266 407 364 457 animis
377 421 490 458 suorum
503 405 664 456 evellendos
678 405 889 456 accommodata

88 487 150 527 esse
168 473 382 525 arbitrabuntur.
417 471 567 524 Catharina
581 486 678 539 regum
695 476 795 530 mater,
815 483 887 521 sum-

87 557 133 592 ma
146 541 292 606 prudentia
304 546 332 590 et
345 540 464 591 consilio
479 539 606 606 praedita
616 538 729 599 mulier,
745 543 773 587 et
786 536 888 588 libero-

88 621 147 659 rum
157 622 251 658 amans
261 607 333 658 altra
347 613 509 658 consuetum
524 605 657 656 matribus
671 604 794 667 modum,
809 604 888 654 ouius

89 674 176 725 esinu
194 689 248 740 pax
266 672 336 725 haec
353 675 472 740 prodiit,
494 673 572 723 cuius
591 672 740 738 praecipue
760 685 846 737 opera
860 676 889 722 et

87 741 228 795 laboribus
240 740 359 791 conflata
369 747 397 790 ot
412 739 560 792 conciliata
574 745 630 802 est,
645 752 726 789 omne
736 738 887 804 ingenium,

88 822 141 875 quo
158 806 304 874 plurimum
317 806 403 867 valet,
425 819 587 870 omnemque
602 808 796 858 auctoritatem
810 820 887 856 suam
901 849 908 861 ,

87 873 213 926 conferet
221 872 334 923 adfilios
344 873 373 920 in
383 871 507 921 fraterna
517 871 667 920 concordia
677 877 811 936 perpetuo
823 878 892 922 oon-⁴

85 941 228 1002 tinendos,
245 935 317 990 etad
332 937 450 1001 populos
467 936 592 986 eiusdem
607 937 753 1002 religionis
768 951 887 988 commu-

86 1009 168 1060 nione
182 1002 391 1056 devinciendos.
426 1003 486 1052 Rex
500 1001 610 1066 quidem
624 1002 696 1067 ipse,
713 1001 786 1069 quod
801 1003 887 1054 maxi·

85 1073 124 1124 mi
133 1070 266 1123 momenti
276 1074 331 1128 est,
347 1082 402 1118 non
418 1075 473 1118 tam
484 1068 608 1128 nomine,
624 1082 704 1134 quam
715 1083 744 1119 re
755 1075 784 1118 et
794 1071 886 1120 animo

87 1145 117 1190 et
130 1144 190 1188 tota
202 1135 312 1186 vivendi
325 1135 434 1184 ratione
449 1132 715 1196 christianissimus,
733 1136 816 1187 vitam
831 1136 886 1186 sibi

86 1205 180 1272 potius
200 1201 270 1267 oripi
290 1201 422 1267 patietur,
444 1213 524 1268 quom
543 1199 638 1263 fidem,
657 1214 746 1267 neque
766 1215 885 1266 unquam

85 1269 267 1338 degenerabit
285 1283 302 1318 a
320 1267 456 1318 nraiornm
489 1281 601 1317 suorum
631 1272 698 1316 nota
726 1272 892 1334 testataque.

83 1339 198 1400 virtute3
208 1331 246 1386 'et
256 1349 336 1401 quarn
346 1333 409 1397 tibi,
423 1333 584 1386 beatissime
595 1331 691 1394 Pater,
707 1347 739 1382 ao
748 1333 809 1384 sedi
819 1348 884 1400 apo·

83 1403 202 1458 stolioae
224 1416 289 1454 vore
303 1408 385 1469 atquo
400 1401 539 1452 exanimo
553 1399 739 1450 obedientiam
750 1407 883 1466 praestat,

84 1483 183 1524 eamse
195 1467 417 1520 constantissime
432 1468 628 1533 praestiturum
642 1466 776 1534 usquead
793 1471 883 1520 extre·
922 1523 924 1528 ,

82 1535 460 1606 mumspiritampollicetur.
496 1547 572 1587 mxi.

139 1810 323 1883 oon
366 1777 534 1883 r'ro
625 1808 823 1884 xxvi.

76 1947 86 1954 “
178 1938 230 1990 in
256 1936 448 1990 romana
474 1935 619 1988 ononi
647 1921 786 1991 rox1'1

253 2048 522 2088 naonraorscorr
541 2031 710 2090 ronosan'r

158 2145 274 2190 amois
294 2142 523 2186 aaronitas!
543 2145 733 2189 omrem
752 2143 802 2191 AD

91 2235 95 2240 '
186 2227 419 2271 Gnaooowra
438 2226 528 2270 5111.
547 2227 658 2271 PONT.
681 2228 771 2274 rm.

157 2323 160 2329 “
215 2317 263 2362 ΕΤ
278 2317 325 2360 An
341 2315 465 2360 SEDEM
479 2315 744 2368 APOSTOLIGAM

80 2421 208 2466 naam
225 2421 337 2462 ROMAE
359 2423 393 2460 IN
412 2419 501 2460 tana
520 2421 785 2464 s.bunovtc11v.
805 2427 876 2466 nia·

58 2503 61 2508 '
318 2505 408 2546 IUNH
443 2506 638 2546 UDXXGIY·

114 2568 155 2654 si
167 2610 197 2654 ut
206 2618 287 2673 opum
298 2619 330 2656 ao
339 2605 490 2673 potentiae,
500 2604 541 2656 sio
553 2575 717 2658 eruditionis
728 2618 761 2656 ao
770 2605 878 2674 sapien·

76 2671 136 2723 tiae
155 2669 272 2726 heredes
291 2673 434 2743 anagnis
454 2685 487 2725 ao
508 2672 660 2742 praeclaris
682 2673 749 2728 viris
768 2673 876 2727 institui
