2146 3008
178 169 230 222 204
300 182 304 190 “
454 169 605 221 ORATIO
622 167 704 222 XIX.

178 270 221 322 'l'u
231 272 286 322 iam
296 268 362 322 inde
372 270 544 337 apr-incipio,
556 285 617 321 eum
628 285 645 321 a
655 268 829 321 sanctissimo
839 265 974 322 Pontidce

123 397 126 401 p
178 335 362 398 PioQulncto
376 335 457 388 huius
471 338 668 388 saluberrimae
681 338 833 402 principum
844 334 966 388 christia
1055 377 1056 380 ,

178 417 276 456 norum
287 406 490 455 coniunctionis
500 403 679 455 fundamenta
687 403 857 464 iacerentur,
871 402 907 452 ad
917 417 975 453 eam

178 483 237 520 rem
248 471 379 538 exipsius
388 472 526 522 sententia
536 469 734 522 conficiendam
745 470 891 536 plurimum
902 469 976 520 labo·

178 538 233 598 ris,
249 551 365 602 operae,
385 539 560 590 auctoritatis
574 535 726 587 contulisti.
760 537 805 587 Tu
821 550 886 585 curn
895 535 976 587 classi

179 601 345 654 Pontificiae
356 618 462 654 summo
473 618 534 654 curn
543 605 660 670 imperio
670 601 829 668 praefectus
840 615 930 664 esses,
949 603 976 653 in

180 666 304 719 Siciliam
323 668 478 736 profectus,
496 672 605 722 interea
623 669 687 720 dum
704 669 825 719 loannes
842 667 976 732 Austrius,

179 747 235 784 non
253 748 315 785 mea
333 741 452 798 tantum,
473 736 523 786 scd
541 737 615 787 omni
633 736 754 786 omnium
770 733 976 802 praedicatione

179 801 270 852 maior
279 799 452 864 adolescens,
461 802 539 852 cuius
549 804 578 853 in
586 808 673 853 totam
679 799 897 852 Christianorum
909 800 977 850 clas·

180 879 238 916 sem
253 881 359 918 summa
372 874 432 918 erat
446 871 598 920 auctoritas
608 883 641 920 ac
651 874 789 934 potestas,
804 866 903 918 eodem
918 880 977 933 pcr-

180 933 301 997 venlret,
315 941 343 985 et
353 935 457 985 milites
472 941 500 986 et
511 935 671 986 classiarios
686 934 890 994 studiosissime
901 946 977 984 exer·

181 1000 277 1061 unisti,
288 1008 316 1052 et
327 1008 358 1053 ut
368 1003 487 1054 omnium
495 1015 589 1052 ¹mrum
600 1001 635 1052 ad
644 1003 810 1052 maritimum
819 999 922 1050 bellum
931 1011 976 1050 ne·

117 1117 120 1126 ,
181 1070 364 1120 cessariamm
375 1069 456 1135 copia
466 1074 641 1134 suppeteret,
653 1067 807 1136 perfecisti
840 1068 898 1128 Tu,
911 1069 977 1132 qu'o·

181 1133 236 1184 ties
248 1134 282 1184 de
294 1149 439 1186 summare
450 1134 632 1186 deliberatum
646 1142 703 1199 est,
715 1149 762 1187 eas
777 1133 928 1185 sententias
939 1131 977 1182 di-

181 1200 260 1262 xisti,
280 1216 350 1268 quae
365 1216 497 1254 summam
511 1202 685 1268 prudentiam
704 1217 765 1253 cum
778 1215 883 1252 summu
895 1197 975 1250 animi

182 1268 346 1320 excelsitate
360 1270 534 1320 coniunctam
548 1270 711 1322 indicarent.
746 1270 802 1330 Tu,
816 1283 878 1318 cum
892 1264 977 1317 offen·

82 1361 85 1378 ι
182 1333 277 1385 sloncs
288 1336 421 1402 quaedam
430 1337 641 1398 intervenirent,
657 1350 727 1401 quae
739 1350 798 1385 rem
807 1337 836 1386 in
846 1345 979 1385 summum

181 1402 334 1466 periculum
343 1402 661 1462 adduxerantiratorum
670 1402 768 1452 animis
776 1399 978 1466 sapientissime

184 1474 265 1534 capto
281 1469 399 1520 consilio
416 1473 445 1517 et
458 1469 535 1532 gravi
548 1473 631 1533 atque
645 1467 854 1518 accommodata
868 1466 902 1516 ad
912 1471 980 1516 tem·

183 1547 234 1602 pus
245 1535 370 1584 oratione
380 1534 516 1646 ῃιὶῐίῗᾳῐίρ
529 1546 562 1590 ac
576 1533 749 1598 compositis,
758 1533 903 1610 'nascentis
914 1529 980 1582 mali

184 1601 360 1651 occasionem
371 1603 448 1648 sustu
460 1604 517 1646 isti.
552 1599 614 1646 'l'ua
626 1594 819 1644 cohortatione
830 1597 982 1647 inflamma·

183 1667 207 1715 ti
215 1665 318 1714 milites
328 1666 362 1714 ad
372 1675 491 1728 pugnam
503 1665 677 1728 exarserunt,
692 1663 768 1708 tuum
778 1659 807 1707 in
816 1660 878 1724 ipsa
889 1675 985 1726 pugna

183 1729 337 1794 exemplum
355 1728 455 1786 secuti,
472 1728 564 1776 omnia
578 1739 629 1790 pro
646 1722 757 1776 Christo
774 1725 899 1792 pericula
916 1741 971 1778 con

182 1798 362 1860 tempserunt.
390 1791 522 1841 Pervenit
530 1806 563 1842 ec
572 1791 695 1859 perlatus
709 1799 752 1843 est
761 1807 848 1858 usque
858 1789 913 1846 huc
922 1801 985 1847 tua-

101 1885 110 1895 -
183 1874 244 1911 runi
257 1859 464 1910 immortalitate
479 1858 623 1926 dignarum
636 1873 734 1910 vocum
748 1874 848 1911 sonus:
868 1857 985 1928 Optimis

184 1923 308 1992 auspiciis
316 1923 379 1992 geri
384 1940 559 2044 ‘quaecunque
586 1943 617 1979 ro
630 1925 785 1998 Christiana
796 1927 926 1995 religione
935 1945 985 2006 ge-

184 1999 324 2055 rermtur,·
334 1992 382 2043 bur
401 1993 502 2044 ericam
512 2010 547 2045 uu
566 1994 652 2047 eduin
662 1994 812 2045 cedentibus
822 1995 931 2055 instare,
942 2011 984 2046 eu·

183 2058 315 2111 stantibus
329 2060 437 2123 cedem
456 2069 609 2113 nostrorum
622 2069 649 2114 et
661 2061 790 2113 uictoriae
804 2069 832 2112 et
843 2061 926 2112 murti
935 2061 984 2111 im-

184 2128 323 2178 mortalem
353 2127 451 2179 ioriam
476 2129 701 2196 repositumesse5
717 2128 762 2179 iilo
773 2128 926 2194 ducentenis
937 2142 984 2178 uu·

185 2193 270 2262 spice,
289 2195 333 2246 cui
384 2144 494 2247 dracifs'u
514 2195 543 2246 iu
564 2213 641 2248 cruce
655 2195 822 2264 pendentis*)
837 2193 985 2262 effigies‚e

185 2275 286 2326 summa
299 2262 393 2330 regiae
406 2262 522 2316 triremis
534 2263 664 2328 currimns,
677 2269 782 2314 nostros
797 2261 984 2324 animaret**)‚

232 2399 253 2452 ⁶)
268 2395 322 2442 Non
337 2397 434 2449 delita:
443 2397 497 2453 qnin
511 2395 654 2442 scribendum
666 2397 697 2440 sit
707 2392 831 2454 pandentis
843 2391 880 2437 vel
893 2377 986 2437 teudera-

188 2451 381 2562 tir-'grmm
395 2509 492 2568 aliquem
507 2520 549 2562 pre
562 2509 669 2560 incitare,
683 2506 816 2555 incendam,
831 2466 988 2549 Gallicismum

188 2563 256 2618 sapit.
270 2567 360 2611 liulinlr.
376 2566 474 2609 Macrob.
488 2562 663 2608 Saturum&
678 2563 712 2607 Ut
721 2563 811 2606 hormtu
820 2563 895 2603 vestro
904 2559 989 2602 Eusta-

188 2619 261 2670 thius,
277 2635 334 2676 quse
345 2623 372 2665 de
382 2623 503 2664 scommate
512 2617 591 2676 paullo
601 2623 653 2666 aute
663 2619 761 2669 dixerit,
775 2617 888 2661 usumetur
896 2616 989 2670 aperire-

191 2674 304 2730 (uuimars
313 2679 345 2722 id.
356 2693 377 2734 q.
387 2679 493 2729 incitare,
510 2683 634 2734 spedumista
642 2675 769 2734 duflinen)-
