2154 3002
403 165 556 219 ORATIO
576 167 595 218 1.
867 177 895 226 11

96 267 248 337 euangelio
262 265 342 318 nobis
360 264 484 320 christus
500 269 634 334 aperitur,
650 267 710 338 qui,
722 271 806 334 modo
820 274 899 325 firma
984 323 993 340 ,

94 340 127 390 in
137 339 229 405 ipsum
244 334 299 385 fide
313 335 446 397 nitamur,
460 349 516 384 non
525 337 654 388 vanailla
667 337 816 404 quidemst
827 341 898 391 otio·

98 421 145 465 sa,
160 417 243 470 quam
252 401 332 452 multi
343 401 428 452 stulte
438 407 467 452 ct
478 402 599 452 inaniter·
607 405 725 467 iactent,
743 405 794 458 sed
806 407 900 458 solida

98 477 128 522 ct
137 471 274 522 bonarum
287 468 427 518 actionum
436 474 570 534 perpetuo
582 468 733 533 foecunde,
746 486 812 535 nos,
822 473 900 525 velut

80 537 223 598 *humeris
242 535 300 585 suis
317 536 478 600 impositos,
501 533 577 586 tollit
593 535 624 586 iu
643 538 761 590 coelum.
797 539 820 590 Θ
839 555 899 592 rena

99 605 177 656 omni
188 601 405 670 ,praedicatione
424 600 574 652 maioreml
595 617 612 654 o
629 605 758 656 nuncium
776 621 842 657 vero
855 607 897 658 iu·

100 670 221 723 cundum
242 672 270 718 et
287 665 459 718 laetabileml
478 682 539 718 cunr
563 667 682 722 humana
698 677 798 724 natura
816 671 899 742 primi

119 737 224 788 arentis
235 734 278 786 de·
289 746 369 786 ressa
379 733 579 799 lapsupcssum
588 743 650 788 tuta
657 735 898 803 ieu·etur,tentsru

99 753 193 856 iuisse¹
209 802 237 852 iu
253 747 311 851 aiio
325 799 380 850 Dei
394 799 582 862 clementiam,
595 809 625 853 ut
639 802 768 872 delapsus
780 819 795 856 c
806 807 898 868 coelo,

4 887 5 934 ς
100 869 247 923 humanam
257 866 373 918 formam
386 866 502 918 induere
512 868 644 930 voluerit,
654 876 686 920 ut
702 874 898 938 corporatus*)

100 953 134 990 ac
144 949 227 988 carne
243 940 334 986 tectus
347 932 464 982 infinitis
474 947 538 984 sese
548 934 706 999 laboribus,
719 937 897 999 cruciatibus,

5 1023 6 1026 ¹
99 1002 249 1063 aerumnis,
259 1000 341 1050 morti
354 999 471 1065 denique
483 1000 647 1053 deterrimae
659 1009 740 1070 atque
751 1005 898 1063 acerbissi-

4 1109 6 1146 ,
100 1084 161 1122 mae
171 1066 345 1134 exposuerit,
359 1080 413 1132 quo
424 1064 526 1118 sudore
537 1083 569 1117 ac
579 1069 714 1134 sanguino
730 1084 781 1121 suo
791 1071 826 1120 ab
840 1071 897 1134 ani·v

98 1139 152 1188 nris
172 1133 276 1185 uostris
297 1129 473 1184 durissimum
485 1135 581 1200 iugum
595 1142 725 1186 aeternae
743 1135 898 1201 depelleret

4 1191 8 1198 '
59 1244 63 1248 .
100 1201 253 1256 servitutis.
287 1194 380 1261 Tenc,
399 1198 510 1252 Christe
527 1201 643 1266 optime,
662 1208 694 1251 ut
714 1216 765 1252 nos
787 1197 897 1253 liberali

98 1279 202 1322 caussa
211 1279 351 1316 assereres
360 1279 454 1326 manu,
468 1266 797 1318 omniumdominu'scum
807 1282 896 1332 esses,

100 1335 175 1386 servi
185 1331 300 1383 formam
314 1331 519 1397 assumpsisset.
529 1333 606 1384 'l'ene
616 1333 696 1384 nobis
709 1336 830 1400 quietem
839 1335 895 1388 tuis
983 1357 994 1397 .'

4 1407 5 1416 ²
100 1399 257 1461 laboribus,
278 1398 435 1450 libertatem
449 1405 499 1450 tua
510 1399 659 1461 servitute,
678 1401 762 1453 vitam
776 1401 895 1468 denique

98 1471 148 1520 tua
164 1471 255 1518 morte
270 1465 397 1532 peperiss
421 1463 438 1518 ².
447 1465 624 1523 Admirantur
637 1464 771 1518 historiae
785 1473 895 1520 veteres

100 1532 306 1600 Pythagoreum
315 1545 392 1648 <im
413 1545 469 1594 am,
478 1533 535 1600 vqui
547 1547 577 1586 se
588 1547 638 1600 pro
649 1534 739 1606 arnico
752 1535 780 1585 in
794 1549 895 1588 caussa

99 1600 198 1666 capitis
208 1597 306 1650 vadem
335 1599 492 1650 arcrcritus
502 1614 557 1650 nun
568 1600 668 1663 est**)r
686 1607 715 1652 at
725 1600 777 1654 hoc
789 1608 892 1668 quanto

98 1665 287 1719 admirabilius
297 1670 354 1726 est,
364 1663 418 1714 Dei
428 1666 515 1716 lilium
524 1665 782 1734 Deumqueipsunr‚
796 1676 892 1722 utros

36 1779 41 1788 .
98 1734 198 1785 merito
207 1738 306 1784 nostro
316 1731 445 1784 inimicos
455 1732 511 1783 sibi
520 1735 641 1784 aeternis
658 1735 778 1802 eriperet
790 1733 892 1801 suppli-

98 1801 163 1862 ciis,
174 1804 230 1860 tot,
246 1807 303 1850 tam
312 1799 374 1848 dira
383 1812 416 1848 ac
424 1798 553 1850 veldictu
562 1799 608 1850 rel
618 1801 742 1866 cogitatu
754 1815 854 1867 aspera
864 1809 893 1852 et

97 1864 243 1918 horribilia
256 1865 394 1916 sustinere
407 1864 547 1917 voluisset
565 1866 600 1916 lit
612 1867 756 1933 quisquam
770 1873 825 1930 est,
845 1869 893 1936 qui

99 1933 167 1984 alias
181 1945 289 1993 omnes,
302 1931 328 1982 si
343 1931 372 1980 iu
384 1947 468 1984 unum
479 1929 671 2000 conferantur,
684 1936 816 1986 scientias
831 1950 892 1989 cum

98 1998 159 2059 bac,
170 2013 223 2064 qua
230 1996 462 2063 interamnates-n,
472 2004 529 2049 tem
539 1999 722 2064 admirabilia,
732 2007 788 2053 tam
797 2002 893 2053 divina
904 2049 913 2053 -

96 2065 253 2126 traduntur,
285 2063 446 2116 ullomodo
471 2065 669 2131 conrparandas
687 2068 781 2133 putetl
811 2067 891 2122 llaec

96 2146 162 2186 vero
172 2145 228 2183 una
237 2136 280 2181 est
290 2131 364 2182 omni
374 2143 452 2193 cura,
466 2132 560 2193 sudio,
572 2134 750 2186 contentione
761 2135 891 2202 dignissi-

95 2213 148 2250 ma.
182 2197 326 2248 llaec-una
336 2204 379 2248 est
388 2203 510 2249 nontam
519 2197 646 2252 liberalis
656 2201 794 2264 vocanda,
808 2216 890 2268 quam

95 2263 247 2316 liberatrix.
281 2263 360 2315 Haec
370 2277 454 2314 aurea
462 2264 513 2316 illa
522 2272 620 2318 catena
630 2273 682 2328 est,
691 2283 745 2334 qua
755 2283 816 2320 cum
826 2283 889 2320 coe-

94 2330 212 2382 lestibus
225 2331 370 2381 terrestria
383 2331 555 2397 copulantur.
591 2332 669 2384 llaec
683 2334 760 2384 scala
771 2334 821 2384 illa
835 2343 889 2396 est,
921 2393 923 2398 ¹

112 2413 175 2450 uam
195 2395 262 2448 olim
278 2411 329 2462 per
345 2397 466 2464 quietern
478 2400 669 2450 sanctissimus
682 2398 887 2465 patriarclravi

94 2414 146 2527 311,
158 2463 237 2516 cuius
247 2462 379 2532 gradibus
389 2464 420 2516 in
434 2464 543 2548 coelum
556 2460 690 2518 scon'dere
704 2466 789 2516 liceat
804 2471 887 2530 atque

135 2563 156 2618 ')
171 2562 277 2623 11111111.
294 2560 408 2606 Instituit.
428 2563 609 2612 1111111111.
628 2563 648 2616 §-
661 2566 697 2608 11.
714 2561 738 2606 Is
758 2561 886 2614 (0111111111)

90 2633 163 2686 igitur
171 2634 304 2686 corporatus
314 2633 349 2674 111
358 2635 454 2674 etvsste
464 2633 538 2674 carnis
547 2631 640 2676 indutus

118 2685 149 2740 ··)
166 2685 203 2730 01.
216 2686 265 2730 cic
275 2687 303 2730 de
313 2687 352 2730 oli.
362 2686 406 2744 lu.
417 2691 450 2730 1⁰.
460 2686 481 2741 d.
492 2691 528 2730 ⁴5.
