<?xml version="1.0" encoding="UTF-8"?>
<!DOCTYPE html PUBLIC "-//W3C//DTD XHTML 1.0 Transitional//EN"
    "http://www.w3.org/TR/xhtml1/DTD/xhtml1-transitional.dtd">
<html xmlns="http://www.w3.org/1999/xhtml" xml:lang="en" lang="en">
 <head>
  <title>
</title>
<meta http-equiv="Content-Type" content="text/html;charset=utf-8" />
  <meta name='ocr-system' content='tesseract 3.04.00' />
  <meta name='ocr-capabilities' content='ocr_page ocr_carea ocr_par ocr_line ocrx_word'/>
</head>
<body>
  <div class='ocr_page' id='page_1' title='image "./mantoniimuretie00muregoog_0082.png"; bbox 0 0 2154 3002; ppageno 0'>
   <div class='ocr_carea' id='block_1_1' title="bbox 384 197 889 288">
    <p class='ocr_par' dir='ltr' id='par_1_1' title="bbox 384 197 889 288">
     <span class='ocr_line' id='line_1_1' title="bbox 384 197 889 288; baseline 0 -8"><span class='ocrx_word' id='word_1_1' title='bbox 384 197 533 280; x_wconf 72' lang='lat' dir='ltr'><strong>onusto</strong></span> <span class='ocrx_word' id='word_1_2' title='bbox 551 199 592 280; x_wconf 70' lang='lat' dir='ltr'><strong>v:</strong></span> <span class='ocrx_word' id='word_1_3' title='bbox 848 225 889 288; x_wconf 68' lang='lat' dir='ltr'><strong>ss,</strong></span> 
     </span>
    </p>
   </div>
   <div class='ocr_carea' id='block_1_2' title="bbox 45 320 911 922">
    <p class='ocr_par' dir='ltr' id='par_1_2' title="bbox 45 320 911 922">
     <span class='ocr_line' id='line_1_2' title="bbox 51 320 886 398; baseline -0.004 -15"><span class='ocrx_word' id='word_1_4' title='bbox 51 357 57 373; x_wconf 82' lang='lat'><strong>·</strong></span> <span class='ocrx_word' id='word_1_5' title='bbox 87 332 226 393; x_wconf 79' lang='lat' dir='ltr'><strong>oredimus</strong></span> <span class='ocrx_word' id='word_1_6' title='bbox 244 339 382 398; x_wconf 74' lang='lat' dir='ltr'><strong>nsqueeo</strong></span> <span class='ocrx_word' id='word_1_7' title='bbox 429 320 569 380; x_wconf 83' lang='lat' dir='ltr'><strong>seira&#39;otos</strong></span> <span class='ocrx_word' id='word_1_8' title='bbox 586 340 619 378; x_wconf 85' lang='lat' dir='ltr'><strong>se</strong></span> <span class='ocrx_word' id='word_1_9' title='bbox 634 328 793 396; x_wconf 70' lang='lat' dir='ltr'><strong>pervicaces</strong></span> <span class='ocrx_word' id='word_1_10' title='bbox 812 325 886 392; x_wconf 82' lang='lat' dir='ltr'><strong>lore,</strong></span> 
     </span>
     <span class='ocr_line' id='line_1_3' title="bbox 45 341 886 462; baseline -0.01 -10"><span class='ocrx_word' id='word_1_11' title='bbox 45 441 48 447; x_wconf 94' lang='lat'>.</span> <span class='ocrx_word' id='word_1_12' title='bbox 86 407 117 452; x_wconf 87' lang='lat' dir='ltr'><strong>ut</strong></span> <span class='ocrx_word' id='word_1_13' title='bbox 126 397 162 452; x_wconf 88' lang='lat' dir='ltr'><strong>ad</strong></span> <span class='ocrx_word' id='word_1_14' title='bbox 176 401 331 450; x_wconf 84' lang='lat' dir='ltr'><strong>extremum</strong></span> <span class='ocrx_word' id='word_1_15' title='bbox 342 341 496 462; x_wconf 51' lang='lat' dir='ltr'><strong>pergreper</strong></span> <span class='ocrx_word' id='word_1_16' title='bbox 506 393 721 446; x_wconf 67' lang='lat' dir='ltr'><strong>obstinationem</strong></span> <span class='ocrx_word' id='word_1_17' title='bbox 735 391 820 445; x_wconf 81' lang='lat' dir='ltr'><strong>annm</strong></span> <span class='ocrx_word' id='word_1_18' title='bbox 829 409 886 445; x_wconf 83' lang='lat' dir='ltr'><strong>ms·</strong></span> 
     </span>
     <span class='ocr_line' id='line_1_4' title="bbox 87 459 885 532; baseline -0.005 -16"><span class='ocrx_word' id='word_1_19' title='bbox 87 465 150 530; x_wconf 88' lang='lat' dir='ltr'><strong>lint,</strong></span> <span class='ocrx_word' id='word_1_20' title='bbox 163 479 247 532; x_wconf 87' lang='lat' dir='ltr'><strong>quam</strong></span> <span class='ocrx_word' id='word_1_21' title='bbox 260 460 385 513; x_wconf 82' lang='lat' dir='ltr'><strong>cedendo</strong></span> <span class='ocrx_word' id='word_1_22' title='bbox 405 465 434 512; x_wconf 84' lang='lat' dir='ltr'><strong>et</strong></span> <span class='ocrx_word' id='word_1_23' title='bbox 451 459 630 526; x_wconf 83' lang='lat' dir='ltr'><strong>obsequendo</strong></span> <span class='ocrx_word' id='word_1_24' title='bbox 650 461 773 514; x_wconf 76' lang='lat' dir='ltr'><strong>somarii</strong></span> <span class='ocrx_word' id='word_1_25' title='bbox 798 461 885 512; x_wconf 91' lang='lat' dir='ltr'><strong>lmmo</strong></span> 
     </span>
     <span class='ocr_line' id='line_1_5' title="bbox 88 519 886 596; baseline -0.001 -15"><span class='ocrx_word' id='word_1_26' title='bbox 88 546 155 584; x_wconf 83' lang='lat' dir='ltr'><strong>vero</strong></span> <span class='ocrx_word' id='word_1_27' title='bbox 170 537 250 582; x_wconf 81' lang='lat' dir='ltr'><strong>certa</strong></span> <span class='ocrx_word' id='word_1_28' title='bbox 263 541 327 595; x_wconf 83' lang='lat' dir='ltr'><strong>spes</strong></span> <span class='ocrx_word' id='word_1_29' title='bbox 338 527 392 588; x_wconf 84' lang='lat' dir='ltr'><strong>est,</strong></span> <span class='ocrx_word' id='word_1_30' title='bbox 406 540 548 578; x_wconf 81' lang='lat' dir='ltr'><strong>cessuram</strong></span> <span class='ocrx_word' id='word_1_31' title='bbox 561 527 672 580; x_wconf 84' lang='lat' dir='ltr'><strong>tandem</strong></span> <span class='ocrx_word' id='word_1_32' title='bbox 685 519 832 596; x_wconf 85' lang='lat' dir='ltr'><strong>aliquando</strong></span> <span class='ocrx_word' id='word_1_33' title='bbox 843 527 886 580; x_wconf 84' lang='lat' dir='ltr'><strong>ra-</strong></span> 
     </span>
     <span class='ocr_line' id='line_1_6' title="bbox 87 591 887 657; baseline -0.006 -8"><span class='ocrx_word' id='word_1_34' title='bbox 87 597 158 649; x_wconf 89' lang='lat' dir='ltr'><strong>tioni</strong></span> <span class='ocrx_word' id='word_1_35' title='bbox 166 595 363 657; x_wconf 71' lang='lat' dir='ltr'><strong>temeritatem,</strong></span> <span class='ocrx_word' id='word_1_36' title='bbox 374 592 431 644; x_wconf 87' lang='lat' dir='ltr'><strong>luci</strong></span> <span class='ocrx_word' id='word_1_37' title='bbox 440 592 577 655; x_wconf 88' lang='lat' dir='ltr'><strong>tenebras,</strong></span> <span class='ocrx_word' id='word_1_38' title='bbox 582 592 754 645; x_wconf 81' lang='lat' dir='ltr'><strong>mendacium</strong></span> <span class='ocrx_word' id='word_1_39' title='bbox 764 591 887 644; x_wconf 79' lang='lat' dir='ltr'><strong>veritati.</strong></span> 
     </span>
     <span class='ocr_line' id='line_1_7' title="bbox 89 658 911 726; baseline -0.011 -9"><span class='ocrx_word' id='word_1_40' title='bbox 89 663 227 726; x_wconf 72' lang='lat' dir='ltr'><strong>Quantam</strong></span> <span class='ocrx_word' id='word_1_41' title='bbox 245 659 295 712; x_wconf 87' lang='lat' dir='ltr'><strong>illo</strong></span> <span class='ocrx_word' id='word_1_42' title='bbox 312 661 373 711; x_wconf 88' lang='lat' dir='ltr'><strong>dies</strong></span> <span class='ocrx_word' id='word_1_43' title='bbox 390 673 447 710; x_wconf 90' lang='lat' dir='ltr'><strong>non</strong></span> <span class='ocrx_word' id='word_1_44' title='bbox 458 659 542 710; x_wconf 86' lang='lat' dir='ltr'><strong>terris</strong></span> <span class='ocrx_word' id='word_1_45' title='bbox 554 658 654 722; x_wconf 91' lang='lat' dir='ltr'><strong>modo,</strong></span> <span class='ocrx_word' id='word_1_46' title='bbox 664 659 724 715; x_wconf 74' lang='lat' dir='ltr'><strong>,sed</strong></span> <span class='ocrx_word' id='word_1_47' title='bbox 736 659 818 712; x_wconf 81' lang='lat' dir='ltr'><strong>coelo</strong></span> <span class='ocrx_word' id='word_1_48' title='bbox 830 659 887 724; x_wconf 88' lang='lat' dir='ltr'><strong>ipsi</strong></span> <span class='ocrx_word' id='word_1_49' title='bbox 906 659 911 671; x_wconf 81' lang='grc'><strong>“</strong></span> 
     </span>
     <span class='ocr_line' id='line_1_8' title="bbox 88 722 887 792; baseline -0.008 -9"><span class='ocrx_word' id='word_1_50' title='bbox 88 725 259 783; x_wconf 81' lang='lat' dir='ltr'><strong>hilaritatem</strong></span> <span class='ocrx_word' id='word_1_51' title='bbox 268 725 402 778; x_wconf 85' lang='lat' dir='ltr'><strong>allaturus</strong></span> <span class='ocrx_word' id='word_1_52' title='bbox 417 725 475 776; x_wconf 78' lang='lat' dir='ltr'><strong>esti</strong></span> <span class='ocrx_word' id='word_1_53' title='bbox 491 723 562 775; x_wconf 88' lang='lat' dir='ltr'><strong>Nam</strong></span> <span class='ocrx_word' id='word_1_54' title='bbox 572 722 608 787; x_wconf 86' lang='lat' dir='ltr'><strong>si,</strong></span> <span class='ocrx_word' id='word_1_55' title='bbox 624 741 764 779; x_wconf 84' lang='lat' dir='ltr'><strong>cumanus</strong></span> <span class='ocrx_word' id='word_1_56' title='bbox 774 726 887 792; x_wconf 81' lang='lat' dir='ltr'><strong>aliquis,</strong></span> 
     </span>
     <span class='ocr_line' id='line_1_9' title="bbox 89 790 886 864; baseline -0.011 -13"><span class='ocrx_word' id='word_1_57' title='bbox 89 792 135 864; x_wconf 84' lang='lat' dir='ltr'><strong>qui</strong></span> <span class='ocrx_word' id='word_1_58' title='bbox 145 811 163 848; x_wconf 89' lang='lat' dir='ltr'><strong>a</strong></span> <span class='ocrx_word' id='word_1_59' title='bbox 172 799 251 846; x_wconf 82' lang='lat' dir='ltr'><strong>recto</strong></span> <span class='ocrx_word' id='word_1_60' title='bbox 262 792 374 844; x_wconf 80' lang='lat' dir='ltr'><strong>vivendi</strong></span> <span class='ocrx_word' id='word_1_61' title='bbox 382 791 492 843; x_wconf 86' lang='lat' dir='ltr'><strong>tramite</strong></span> <span class='ocrx_word' id='word_1_62' title='bbox 503 790 660 853; x_wconf 83' lang='lat' dir='ltr'><strong>deflexerit,</strong></span> <span class='ocrx_word' id='word_1_63' title='bbox 675 791 703 844; x_wconf 87' lang='lat' dir='ltr'><strong>in</strong></span> <span class='ocrx_word' id='word_1_64' title='bbox 713 793 793 844; x_wconf 83' lang='lat' dir='ltr'><strong>riam</strong></span> <span class='ocrx_word' id='word_1_65' title='bbox 801 792 886 854; x_wconf 84' lang='lat' dir='ltr'><strong>redit,</strong></span> 
     </span>
     <span class='ocr_line' id='line_1_10' title="bbox 88 855 887 922; baseline -0.008 -8"><span class='ocrx_word' id='word_1_66' title='bbox 88 858 304 914; x_wconf 80' lang='lat' dir='ltr'><strong>innumerabiles</strong></span> <span class='ocrx_word' id='word_1_67' title='bbox 314 857 379 910; x_wconf 76' lang='lat' dir='ltr'><strong>illas</strong></span> <span class='ocrx_word' id='word_1_68' title='bbox 388 855 516 922; x_wconf 84' lang='lat' dir='ltr'><strong>legiones</strong></span> <span class='ocrx_word' id='word_1_69' title='bbox 530 856 692 922; x_wconf 80' lang='lat' dir='ltr'><strong>angelorum</strong></span> <span class='ocrx_word' id='word_1_70' title='bbox 703 858 843 910; x_wconf 84' lang='lat' dir='ltr'><strong>exsultare</strong></span> <span class='ocrx_word' id='word_1_71' title='bbox 853 869 887 908; x_wconf 78' lang='lat' dir='ltr'><strong>aa</strong></span> 
     </span>
    </p>
   </div>
   <div class='ocr_carea' id='block_1_3' title="bbox 89 919 991 994">
    <p class='ocr_par' dir='ltr' id='par_1_3' title="bbox 89 919 991 994">
     <span class='ocr_line' id='line_1_11' title="bbox 89 919 991 994; baseline -0.007 -15"><span class='ocrx_word' id='word_1_72' title='bbox 89 927 194 994; x_wconf 81' lang='lat' dir='ltr'><strong>gestire</strong></span> <span class='ocrx_word' id='word_1_73' title='bbox 204 922 307 992; x_wconf 85' lang='lat' dir='ltr'><strong>gaudio</strong></span> <span class='ocrx_word' id='word_1_74' title='bbox 319 919 495 986; x_wconf 80' lang='lat' dir='ltr'><strong>credimus*)=</strong></span> <span class='ocrx_word' id='word_1_75' title='bbox 515 923 581 988; x_wconf 88' lang='lat' dir='ltr'><strong>qnid</strong></span> <span class='ocrx_word' id='word_1_76' title='bbox 590 923 701 975; x_wconf 86' lang='lat' dir='ltr'><strong>tandem</strong></span> <span class='ocrx_word' id='word_1_77' title='bbox 710 921 833 976; x_wconf 80' lang='lat' dir='ltr'><strong>instruas</strong></span> <span class='ocrx_word' id='word_1_78' title='bbox 842 937 886 974; x_wconf 87' lang='lat' dir='ltr'><strong>es·</strong></span> <span class='ocrx_word' id='word_1_79' title='bbox 987 925 991 934; x_wconf 92' lang='grc'><strong>’</strong></span> 
     </span>
    </p>
   </div>
   <div class='ocr_carea' id='block_1_4' title="bbox 44 983 890 2778">
    <p class='ocr_par' dir='ltr' id='par_1_4' title="bbox 44 983 890 2778">
     <span class='ocr_line' id='line_1_12' title="bbox 88 983 887 1060; baseline -0.008 -14"><span class='ocrx_word' id='word_1_80' title='bbox 88 1008 118 1046; x_wconf 86' lang='lat' dir='ltr'><strong>se</strong></span> <span class='ocrx_word' id='word_1_81' title='bbox 129 988 313 1060; x_wconf 73' lang='lat' dir='ltr'><strong>auguramur,</strong></span> <span class='ocrx_word' id='word_1_82' title='bbox 326 1001 388 1038; x_wconf 88' lang='lat' dir='ltr'><strong>cum</strong></span> <span class='ocrx_word' id='word_1_83' title='bbox 397 991 441 1038; x_wconf 91' lang='lat' dir='ltr'><strong>tot</strong></span> <span class='ocrx_word' id='word_1_84' title='bbox 454 983 594 1040; x_wconf 86' lang='lat' dir='ltr'><strong>hominum</strong></span> <span class='ocrx_word' id='word_1_85' title='bbox 607 989 804 1042; x_wconf 69' lang='lat' dir='ltr'><strong>miserabiliter</strong></span> <span class='ocrx_word' id='word_1_86' title='bbox 813 1001 887 1041; x_wconf 74' lang='lat' dir='ltr'><strong>num</strong></span> 
     </span>
     <span class='ocr_line' id='line_1_13' title="bbox 88 1053 888 1124; baseline -0.008 -12"><span class='ocrx_word' id='word_1_87' title='bbox 88 1059 210 1112; x_wconf 86' lang='lat' dir='ltr'><strong>insuam</strong></span> <span class='ocrx_word' id='word_1_88' title='bbox 225 1055 377 1124; x_wconf 87' lang='lat' dir='ltr'><strong>perniciem</strong></span> <span class='ocrx_word' id='word_1_89' title='bbox 395 1053 533 1106; x_wconf 89' lang='lat' dir='ltr'><strong>ruentium</strong></span> <span class='ocrx_word' id='word_1_90' title='bbox 551 1055 641 1108; x_wconf 86' lang='lat' dir='ltr'><strong>millia</strong></span> <span class='ocrx_word' id='word_1_91' title='bbox 658 1057 838 1124; x_wconf 74' lang='lat' dir='ltr'><strong>resipuerint,</strong></span> <span class='ocrx_word' id='word_1_92' title='bbox 857 1059 888 1106; x_wconf 86' lang='lat' dir='ltr'><strong>et</strong></span> 
     </span>
     <span class='ocr_line' id='line_1_14' title="bbox 53 1109 888 1194; baseline -0.006 -18"><span class='ocrx_word' id='word_1_93' title='bbox 53 1125 61 1144; x_wconf 69' lang='lat'>⁸</span> <span class='ocrx_word' id='word_1_94' title='bbox 89 1124 162 1176; x_wconf 85' lang='lat' dir='ltr'><strong>unde</strong></span> <span class='ocrx_word' id='word_1_95' title='bbox 173 1121 294 1194; x_wconf 80' lang='lat' dir='ltr'><strong>Satanae</strong></span> <span class='ocrx_word' id='word_1_96' title='bbox 304 1119 485 1188; x_wconf 76' lang='lat' dir='ltr'><strong>instigatione</strong></span> <span class='ocrx_word' id='word_1_97' title='bbox 496 1119 695 1185; x_wconf 80' lang='lat' dir='ltr'><strong>discesserant,</strong></span> <span class='ocrx_word' id='word_1_98' title='bbox 706 1137 740 1174; x_wconf 85' lang='lat' dir='ltr'><strong>eo</strong></span> <span class='ocrx_word' id='word_1_99' title='bbox 751 1135 782 1173; x_wconf 84' lang='lat' dir='ltr'><strong>se</strong></span> <span class='ocrx_word' id='word_1_100' title='bbox 796 1109 888 1174; x_wconf 83' lang='lat' dir='ltr'><strong>annoti</strong></span> 
     </span>
     <span class='ocr_line' id='line_1_15' title="bbox 89 1185 887 1258; baseline -0.01 -14"><span class='ocrx_word' id='word_1_101' title='bbox 89 1191 202 1258; x_wconf 81' lang='lat' dir='ltr'><strong>spiritus</strong></span> <span class='ocrx_word' id='word_1_102' title='bbox 213 1185 306 1239; x_wconf 81' lang='lat' dir='ltr'><strong>afflatu</strong></span> <span class='ocrx_word' id='word_1_103' title='bbox 314 1185 626 1254; x_wconf 79' lang='lat' dir='ltr'><strong>instinemreeeperinti</strong></span> <span class='ocrx_word' id='word_1_104' title='bbox 642 1187 701 1254; x_wconf 77' lang='lat' dir='ltr'><strong>elge</strong></span> <span class='ocrx_word' id='word_1_105' title='bbox 710 1187 805 1256; x_wconf 86' lang='lat' dir='ltr'><strong>igitur,</strong></span> <span class='ocrx_word' id='word_1_106' title='bbox 816 1185 887 1252; x_wconf 88' lang='lat' dir='ltr'><strong>opti-</strong></span> 
     </span>
     <span class='ocr_line' id='line_1_16' title="bbox 88 1249 889 1371; baseline -0.005 -65"><span class='ocrx_word' id='word_1_107' title='bbox 88 1270 133 1307; x_wconf 89' lang='lat' dir='ltr'><strong>me</strong></span> <span class='ocrx_word' id='word_1_108' title='bbox 142 1251 405 1315; x_wconf 84' lang='lat' dir='ltr'><strong>maximePontiiex,</strong></span> <span class='ocrx_word' id='word_1_109' title='bbox 411 1254 541 1371; x_wconf 81' lang='lat' dir='ltr'><strong>praeripe</strong></span> <span class='ocrx_word' id='word_1_110' title='bbox 551 1253 672 1320; x_wconf 85' lang='lat' dir='ltr'><strong>posteris</strong></span> <span class='ocrx_word' id='word_1_111' title='bbox 682 1255 737 1304; x_wconf 90' lang='lat' dir='ltr'><strong>tuis</strong></span> <span class='ocrx_word' id='word_1_112' title='bbox 747 1249 818 1304; x_wconf 82' lang='lat' dir='ltr'><strong>hanc</strong></span> <span class='ocrx_word' id='word_1_113' title='bbox 827 1251 889 1320; x_wconf 84' lang='lat' dir='ltr'><strong>glo-</strong></span> 
     </span>
     <span class='ocr_line' id='line_1_17' title="bbox 86 1317 828 1388; baseline -0.007 -15"><span class='ocrx_word' id='word_1_114' title='bbox 86 1319 169 1388; x_wconf 73' lang='lat' dir='ltr'><strong>riam,</strong></span> <span class='ocrx_word' id='word_1_115' title='bbox 175 1329 204 1372; x_wconf 89' lang='lat' dir='ltr'><strong>et</strong></span> <span class='ocrx_word' id='word_1_116' title='bbox 214 1321 289 1388; x_wconf 83' lang='lat' dir='ltr'><strong>quod</strong></span> <span class='ocrx_word' id='word_1_117' title='bbox 298 1317 408 1385; x_wconf 85' lang='lat' dir='ltr'><strong>aliquan</strong></span> <span class='ocrx_word' id='word_1_118' title='bbox 430 1335 446 1372; x_wconf 95' lang='lat' dir='ltr'><strong>o</strong></span> <span class='ocrx_word' id='word_1_119' title='bbox 458 1319 519 1370; x_wconf 84' lang='lat' dir='ltr'><strong>fieri</strong></span> <span class='ocrx_word' id='word_1_120' title='bbox 529 1333 646 1370; x_wconf 81' lang='lat' dir='ltr'><strong>necesse</strong></span> <span class='ocrx_word' id='word_1_121' title='bbox 656 1326 708 1382; x_wconf 85' lang='lat' dir='ltr'><strong>est,</strong></span> <span class='ocrx_word' id='word_1_122' title='bbox 719 1317 749 1370; x_wconf 89' lang='lat' dir='ltr'><strong>id</strong></span> <span class='ocrx_word' id='word_1_123' title='bbox 759 1323 791 1370; x_wconf 85' lang='lat' dir='ltr'><strong>ut</strong></span> <span class='ocrx_word' id='word_1_124' title='bbox 799 1323 828 1368; x_wconf 84' lang='lat' dir='ltr'><strong>te</strong></span> 
     </span>
     <span class='ocr_line' id='line_1_18' title="bbox 92 1384 888 1448; baseline -0.006 -10"><span class='ocrx_word' id='word_1_125' title='bbox 92 1387 228 1440; x_wconf 83' lang='lat' dir='ltr'><strong>tissimum</strong></span> <span class='ocrx_word' id='word_1_126' title='bbox 238 1385 572 1448; x_wconf 80' lang='lat' dir='ltr'><strong>Pontificefiat,enitere.</strong></span> <span class='ocrx_word' id='word_1_127' title='bbox 607 1384 824 1438; x_wconf 78' lang='lat' dir='ltr'><strong>Addaturdeous</strong></span> <span class='ocrx_word' id='word_1_128' title='bbox 854 1395 888 1434; x_wconf 82' lang='lat' dir='ltr'><strong>oc</strong></span> 
     </span>
     <span class='ocr_line' id='line_1_19' title="bbox 91 1449 888 1520; baseline -0.006 -15"><span class='ocrx_word' id='word_1_129' title='bbox 91 1453 236 1507; x_wconf 85' lang='lat' dir='ltr'><strong>annalibus</strong></span> <span class='ocrx_word' id='word_1_130' title='bbox 247 1453 363 1516; x_wconf 83' lang='lat' dir='ltr'><strong>nostris,</strong></span> <span class='ocrx_word' id='word_1_131' title='bbox 378 1456 409 1503; x_wconf 91' lang='lat' dir='ltr'><strong>ut</strong></span> <span class='ocrx_word' id='word_1_132' title='bbox 418 1451 447 1503; x_wconf 90' lang='lat' dir='ltr'><strong>in</strong></span> <span class='ocrx_word' id='word_1_133' title='bbox 457 1451 499 1503; x_wconf 84' lang='lat' dir='ltr'><strong>sis</strong></span> <span class='ocrx_word' id='word_1_134' title='bbox 510 1451 576 1504; x_wconf 90' lang='lat' dir='ltr'><strong>olim</strong></span> <span class='ocrx_word' id='word_1_135' title='bbox 587 1449 708 1520; x_wconf 82' lang='lat' dir='ltr'><strong>legatur,</strong></span> <span class='ocrx_word' id='word_1_136' title='bbox 717 1449 888 1520; x_wconf 84' lang='lat' dir='ltr'><strong>pestilentis·</strong></span> 
     </span>
     <span class='ocr_line' id='line_1_20' title="bbox 92 1515 889 1586; baseline -0.006 -14"><span class='ocrx_word' id='word_1_137' title='bbox 92 1519 174 1572; x_wconf 80' lang='lat' dir='ltr'><strong>simae</strong></span> <span class='ocrx_word' id='word_1_138' title='bbox 194 1518 353 1586; x_wconf 86' lang='lat' dir='ltr'><strong>opiniones,</strong></span> <span class='ocrx_word' id='word_1_139' title='bbox 378 1531 462 1586; x_wconf 86' lang='lat' dir='ltr'><strong>quae,</strong></span> <span class='ocrx_word' id='word_1_140' title='bbox 483 1517 564 1585; x_wconf 87' lang='lat' dir='ltr'><strong>quasi</strong></span> <span class='ocrx_word' id='word_1_141' title='bbox 583 1517 751 1586; x_wconf 81' lang='lat' dir='ltr'><strong>contagione</strong></span> <span class='ocrx_word' id='word_1_142' title='bbox 770 1515 889 1584; x_wconf 84' lang='lat' dir='ltr'><strong>quadam</strong></span> 
     </span>
     <span class='ocr_line' id='line_1_21' title="bbox 91 1580 888 1654; baseline -0.005 -18"><span class='ocrx_word' id='word_1_143' title='bbox 91 1585 234 1652; x_wconf 80' lang='lat' dir='ltr'><strong>paullatim</strong></span> <span class='ocrx_word' id='word_1_144' title='bbox 248 1590 405 1650; x_wconf 85' lang='lat' dir='ltr'><strong>serpentes,</strong></span> <span class='ocrx_word' id='word_1_145' title='bbox 424 1598 476 1650; x_wconf 91' lang='lat' dir='ltr'><strong>per</strong></span> <span class='ocrx_word' id='word_1_146' title='bbox 489 1597 584 1637; x_wconf 87' lang='lat' dir='ltr'><strong>omnes</strong></span> <span class='ocrx_word' id='word_1_147' title='bbox 597 1583 797 1654; x_wconf 81' lang='lat' dir='ltr'><strong>propemodum</strong></span> <span class='ocrx_word' id='word_1_148' title='bbox 810 1580 888 1634; x_wconf 81' lang='lat' dir='ltr'><strong>Chri·</strong></span> 
     </span>
     <span class='ocr_line' id='line_1_22' title="bbox 91 1649 888 1720; baseline -0.006 -16"><span class='ocrx_word' id='word_1_149' title='bbox 91 1651 175 1704; x_wconf 81' lang='lat' dir='ltr'><strong>atiani</strong></span> <span class='ocrx_word' id='word_1_150' title='bbox 192 1649 312 1702; x_wconf 80' lang='lat' dir='ltr'><strong>nominis</strong></span> <span class='ocrx_word' id='word_1_151' title='bbox 350 1649 488 1703; x_wconf 82' lang='lat' dir='ltr'><strong>rorlnoias</strong></span> <span class='ocrx_word' id='word_1_152' title='bbox 506 1657 702 1720; x_wconf 80' lang='lat' dir='ltr'><strong>pervaserant,</strong></span> <span class='ocrx_word' id='word_1_153' title='bbox 719 1649 888 1702; x_wconf 84' lang='lat' dir='ltr'><strong>auctoritate</strong></span> 
     </span>
     <span class='ocr_line' id='line_1_23' title="bbox 89 1664 888 1790; baseline 0 -22"><span class='ocrx_word' id='word_1_154' title='bbox 89 1721 138 1768; x_wconf 82' lang='lat' dir='ltr'><strong>tua</strong></span> <span class='ocrx_word' id='word_1_155' title='bbox 155 1717 302 1781; x_wconf 77' lang='lat' dir='ltr'><strong>disiectat,</strong></span> <span class='ocrx_word' id='word_1_156' title='bbox 323 1664 487 1782; x_wconf 60' lang='lat' dir='ltr'><strong>dissipatas,</strong></span> <span class='ocrx_word' id='word_1_157' title='bbox 506 1720 671 1790; x_wconf 73' lang='lat' dir='ltr'><strong>exstinctas,</strong></span> <span class='ocrx_word' id='word_1_158' title='bbox 691 1714 888 1770; x_wconf 79' lang='lat' dir='ltr'><strong>exterminatis</strong></span> 
     </span>
     <span class='ocr_line' id='line_1_24' title="bbox 90 1781 888 1850; baseline -0.001 -16"><span class='ocrx_word' id='word_1_159' title='bbox 90 1781 187 1836; x_wconf 82' lang='lat' dir='ltr'><strong>fuisse.</strong></span> <span class='ocrx_word' id='word_1_160' title='bbox 221 1782 393 1834; x_wconf 83' lang='lat' dir='ltr'><strong>Damnentur</strong></span> <span class='ocrx_word' id='word_1_161' title='bbox 410 1788 539 1834; x_wconf 80' lang='lat' dir='ltr'><strong>votorum</strong></span> <span class='ocrx_word' id='word_1_162' title='bbox 553 1799 664 1837; x_wconf 85' lang='lat' dir='ltr'><strong>suorum</strong></span> <span class='ocrx_word' id='word_1_163' title='bbox 674 1797 725 1850; x_wconf 87' lang='lat' dir='ltr'><strong>per</strong></span> <span class='ocrx_word' id='word_1_164' title='bbox 741 1790 771 1835; x_wconf 90' lang='lat' dir='ltr'><strong>te</strong></span> <span class='ocrx_word' id='word_1_165' title='bbox 793 1792 888 1834; x_wconf 87' lang='lat' dir='ltr'><strong>omnes</strong></span> 
     </span>
     <span class='ocr_line' id='line_1_25' title="bbox 90 1844 890 1968; baseline -0.005 -66"><span class='ocrx_word' id='word_1_166' title='bbox 90 1863 171 1968; x_wconf 61' lang='lat' dir='ltr'><strong>peltae</strong></span> <span class='ocrx_word' id='word_1_167' title='bbox 185 1847 303 1966; x_wconf 82' lang='lat' dir='ltr'><strong>pletatis</strong></span> <span class='ocrx_word' id='word_1_168' title='bbox 322 1844 456 1910; x_wconf 73' lang='lat' dir='ltr'><strong>studiosi,</strong></span> <span class='ocrx_word' id='word_1_169' title='bbox 477 1851 526 1916; x_wconf 88' lang='lat' dir='ltr'><strong>qui</strong></span> <span class='ocrx_word' id='word_1_170' title='bbox 543 1850 646 1902; x_wconf 87' lang='lat' dir='ltr'><strong>multos</strong></span> <span class='ocrx_word' id='word_1_171' title='bbox 664 1850 720 1902; x_wconf 86' lang='lat' dir='ltr'><strong>iam</strong></span> <span class='ocrx_word' id='word_1_172' title='bbox 742 1862 830 1900; x_wconf 81' lang='lat' dir='ltr'><strong>annos</strong></span> <span class='ocrx_word' id='word_1_173' title='bbox 848 1847 890 1898; x_wconf 86' lang='lat' dir='ltr'><strong>ni-</strong></span> 
     </span>
     <span class='ocr_line' id='line_1_26' title="bbox 109 1931 183 1968; baseline 0.027 -2"><span class='ocrx_word' id='word_1_174' title='bbox 109 1932 118 1966; x_wconf 91' lang='grc' dir='ltr'>ι</span> <span class='ocrx_word' id='word_1_175' title='bbox 152 1931 183 1968; x_wconf 86' lang='lat' dir='ltr'><strong>ar</strong></span> 
     </span>
     <span class='ocr_line' id='line_1_27' title="bbox 92 1979 890 2052; baseline -0.001 -20"><span class='ocrx_word' id='word_1_176' title='bbox 92 1979 295 2034; x_wconf 82' lang='lat' dir='ltr'><strong>dissensionum</strong></span> <span class='ocrx_word' id='word_1_177' title='bbox 309 1981 391 2032; x_wconf 87' lang='lat' dir='ltr'><strong>finem</strong></span> <span class='ocrx_word' id='word_1_178' title='bbox 407 1995 422 2032; x_wconf 90' lang='lat' dir='ltr'><strong>e</strong></span> <span class='ocrx_word' id='word_1_179' title='bbox 454 1983 569 2050; x_wconf 86' lang='lat' dir='ltr'><strong>agitant.</strong></span> <span class='ocrx_word' id='word_1_180' title='bbox 605 1983 737 2052; x_wconf 84' lang='lat' dir='ltr'><strong>Signetur</strong></span> <span class='ocrx_word' id='word_1_181' title='bbox 748 1981 801 2034; x_wconf 90' lang='lat' dir='ltr'><strong>hoc</strong></span> <span class='ocrx_word' id='word_1_182' title='bbox 811 1995 890 2048; x_wconf 79' lang='lat' dir='ltr'><strong>pras-</strong></span> 
     </span>
     <span class='ocr_line' id='line_1_28' title="bbox 92 2047 890 2118; baseline 0.001 -22"><span class='ocrx_word' id='word_1_183' title='bbox 92 2047 171 2116; x_wconf 86' lang='lat' dir='ltr'><strong>oipuo</strong></span> <span class='ocrx_word' id='word_1_184' title='bbox 191 2047 274 2102; x_wconf 88' lang='lat' dir='ltr'><strong>titulo</strong></span> <span class='ocrx_word' id='word_1_185' title='bbox 295 2047 577 2110; x_wconf 69' lang='lat' dir='ltr'><strong>Pontificatustuus:</strong></span> <span class='ocrx_word' id='word_1_186' title='bbox 593 2056 636 2114; x_wconf 87' lang='lat' dir='ltr'><strong>ut,</strong></span> <span class='ocrx_word' id='word_1_187' title='bbox 666 2051 691 2101; x_wconf 86' lang='lat' dir='ltr'><strong>si</strong></span> <span class='ocrx_word' id='word_1_188' title='bbox 714 2051 774 2118; x_wconf 86' lang='lat' dir='ltr'><strong>quis</strong></span> <span class='ocrx_word' id='word_1_189' title='bbox 821 2061 890 2098; x_wconf 85' lang='lat' dir='ltr'><strong>uon·</strong></span> 
     </span>
     <span class='ocr_line' id='line_1_29' title="bbox 78 2064 890 2232; baseline 0 -68"><span class='ocrx_word' id='word_1_190' title='bbox 78 2111 152 2166; x_wconf 90' lang='lat' dir='ltr'><strong>&#39;dam</strong></span> <span class='ocrx_word' id='word_1_191' title='bbox 174 2125 389 2184; x_wconf 76' lang='lat' dir='ltr'><strong>nonexpresse</strong></span> <span class='ocrx_word' id='word_1_192' title='bbox 411 2114 523 2166; x_wconf 72' lang='lat' dir='ltr'><strong>nonnius</strong></span> <span class='ocrx_word' id='word_1_193' title='bbox 547 2113 627 2168; x_wconf 87' lang='lat' dir='ltr'><strong>Pium</strong></span> <span class='ocrx_word' id='word_1_194' title='bbox 646 2100 780 2232; x_wconf 61' lang='lat' dir='ltr'><strong>&#39;puartum</strong></span> <span class='ocrx_word' id='word_1_195' title='bbox 803 2064 890 2167; x_wconf 53' lang='lat' dir='ltr'><strong>(intel-</strong></span> 
     </span>
     <span class='ocr_line' id='line_1_30' title="bbox 91 2175 890 2296; baseline -0.001 -64"><span class='ocrx_word' id='word_1_196' title='bbox 91 2175 142 2247; x_wconf 89' lang='lat' dir='ltr'><strong>ligi</strong></span> <span class='ocrx_word' id='word_1_197' title='bbox 153 2181 237 2243; x_wconf 77' lang='lat' dir='ltr'><strong>velit,</strong></span> <span class='ocrx_word' id='word_1_198' title='bbox 256 2194 318 2230; x_wconf 91' lang='lat' dir='ltr'><strong>eum</strong></span> <span class='ocrx_word' id='word_1_199' title='bbox 328 2176 493 2260; x_wconf 75' lang='lat' dir='ltr'><strong>Pontificem</strong></span> <span class='ocrx_word' id='word_1_200' title='bbox 508 2178 596 2240; x_wconf 81' lang='lat' dir='ltr'><strong>diost,</strong></span> <span class='ocrx_word' id='word_1_201' title='bbox 616 2197 652 2296; x_wconf 68' lang='lat' dir='ltr'><strong>(pp</strong></span> <span class='ocrx_word' id='word_1_202' title='bbox 676 2181 787 2234; x_wconf 82' lang='lat' dir='ltr'><strong>affectis</strong></span> <span class='ocrx_word' id='word_1_203' title='bbox 801 2185 830 2232; x_wconf 87' lang='lat' dir='ltr'><strong>et</strong></span> <span class='ocrx_word' id='word_1_204' title='bbox 842 2191 890 2231; x_wconf 84' lang='lat' dir='ltr'><strong>as·</strong></span> 
     </span>
     <span class='ocr_line' id='line_1_31' title="bbox 89 2245 890 2386; baseline -0.004 -21"><span class='ocrx_word' id='word_1_205' title='bbox 89 2245 704 2386; x_wconf 51' lang='lat' dir='ltr'><strong>iltiittlfltietimlitlttattolit</strong></span> <span class='ocrx_word' id='word_1_206' title='bbox 713 2247 890 2374; x_wconf 59' lang='lat' dir='ltr'><strong>tillim</strong></span> 
     </span>
     <span class='ocr_line' id='line_1_32' title="bbox 79 2376 887 2447; baseline -0.005 -13"><span class='ocrx_word' id='word_1_207' title='bbox 79 2377 200 2447; x_wconf 78' lang='lat' dir='ltr'><strong>,integra</strong></span> <span class='ocrx_word' id='word_1_208' title='bbox 221 2385 250 2432; x_wconf 83' lang='lat' dir='ltr'><strong>et</strong></span> <span class='ocrx_word' id='word_1_209' title='bbox 270 2377 423 2430; x_wconf 83' lang='lat' dir='ltr'><strong>incolumis</strong></span> <span class='ocrx_word' id='word_1_210' title='bbox 444 2378 625 2430; x_wconf 75' lang='lat' dir='ltr'><strong>conservarit.</strong></span> <span class='ocrx_word' id='word_1_211' title='bbox 662 2376 756 2430; x_wconf 86' lang='lat' dir='ltr'><strong>onos</strong></span> <span class='ocrx_word' id='word_1_212' title='bbox 776 2379 887 2439; x_wconf 85' lang='lat' dir='ltr'><strong>beatos,</strong></span> 
     </span>
     <span class='ocr_line' id='line_1_33' title="bbox 44 2441 888 2512; baseline -0.001 -16"><span class='ocrx_word' id='word_1_213' title='bbox 44 2468 53 2482; x_wconf 91' lang='lat'><strong>·</strong></span> <span class='ocrx_word' id='word_1_214' title='bbox 90 2459 151 2497; x_wconf 87' lang='lat' dir='ltr'><strong>oum</strong></span> <span class='ocrx_word' id='word_1_215' title='bbox 164 2445 227 2512; x_wconf 83' lang='lat' dir='ltr'><strong>illo,</strong></span> <span class='ocrx_word' id='word_1_216' title='bbox 246 2449 278 2496; x_wconf 91' lang='lat' dir='ltr'><strong>ut</strong></span> <span class='ocrx_word' id='word_1_217' title='bbox 290 2457 448 2512; x_wconf 86' lang='lat' dir='ltr'><strong>speramus,</strong></span> <span class='ocrx_word' id='word_1_218' title='bbox 467 2443 622 2496; x_wconf 76' lang='lat' dir='ltr'><strong>evenerint!</strong></span> <span class='ocrx_word' id='word_1_219' title='bbox 642 2441 708 2494; x_wconf 84' lang='lat' dir='ltr'><strong>ote</strong></span> <span class='ocrx_word' id='word_1_220' title='bbox 721 2442 888 2495; x_wconf 70' lang='lat' dir='ltr'><strong>Pontificem</strong></span> 
     </span>
     <span class='ocr_line' id='line_1_34' title="bbox 87 2507 886 2570; baseline -0.001 -8"><span class='ocrx_word' id='word_1_221' title='bbox 87 2513 176 2565; x_wconf 81' lang='lat' dir='ltr'><strong>modis</strong></span> <span class='ocrx_word' id='word_1_222' title='bbox 189 2511 316 2564; x_wconf 84' lang='lat' dir='ltr'><strong>omnibus</strong></span> <span class='ocrx_word' id='word_1_223' title='bbox 327 2512 475 2562; x_wconf 84' lang='lat' dir='ltr'><strong>maximum</strong></span> <span class='ocrx_word' id='word_1_224' title='bbox 487 2525 520 2564; x_wconf 82' lang='lat' dir='ltr'><strong>ae</strong></span> <span class='ocrx_word' id='word_1_225' title='bbox 532 2507 736 2562; x_wconf 76' lang='lat' dir='ltr'><strong>beatissimum!</strong></span> <span class='ocrx_word' id='word_1_226' title='bbox 756 2509 834 2570; x_wconf 76' lang='lat' dir='ltr'><strong>Quae</strong></span> <span class='ocrx_word' id='word_1_227' title='bbox 842 2507 886 2560; x_wconf 82' lang='lat' dir='ltr'><strong>in·</strong></span> 
     </span>
     <span class='ocr_line' id='line_1_35' title="bbox 87 2575 885 2643; baseline -0.003 -15"><span class='ocrx_word' id='word_1_228' title='bbox 87 2582 150 2632; x_wconf 87' lang='lat' dir='ltr'><strong>tura</strong></span> <span class='ocrx_word' id='word_1_229' title='bbox 164 2583 208 2630; x_wconf 80' lang='lat' dir='ltr'><strong>est</strong></span> <span class='ocrx_word' id='word_1_230' title='bbox 220 2584 276 2629; x_wconf 91' lang='lat' dir='ltr'><strong>tam</strong></span> <span class='ocrx_word' id='word_1_231' title='bbox 287 2577 408 2628; x_wconf 85' lang='lat' dir='ltr'><strong>barbara</strong></span> <span class='ocrx_word' id='word_1_232' title='bbox 422 2584 471 2629; x_wconf 90' lang='lat' dir='ltr'><strong>sut</strong></span> <span class='ocrx_word' id='word_1_233' title='bbox 482 2584 541 2630; x_wconf 86' lang='lat' dir='ltr'><strong>tam</strong></span> <span class='ocrx_word' id='word_1_234' title='bbox 552 2577 707 2643; x_wconf 75' lang='lat' dir='ltr'><strong>longinqua</strong></span> <span class='ocrx_word' id='word_1_235' title='bbox 719 2575 810 2638; x_wconf 87' lang='lat' dir='ltr'><strong>natio,</strong></span> <span class='ocrx_word' id='word_1_236' title='bbox 829 2587 885 2642; x_wconf 88' lang='lat' dir='ltr'><strong>quo</strong></span> 
     </span>
     <span class='ocr_line' id='line_1_36' title="bbox 87 2637 889 2714; baseline -0.002 -18"><span class='ocrx_word' id='word_1_237' title='bbox 87 2655 142 2696; x_wconf 77' lang='lat' dir='ltr'><strong>non</strong></span> <span class='ocrx_word' id='word_1_238' title='bbox 151 2650 209 2697; x_wconf 85' lang='lat' dir='ltr'><strong>tam</strong></span> <span class='ocrx_word' id='word_1_239' title='bbox 224 2644 313 2696; x_wconf 86' lang='lat' dir='ltr'><strong>divini</strong></span> <span class='ocrx_word' id='word_1_240' title='bbox 321 2641 451 2694; x_wconf 83' lang='lat' dir='ltr'><strong>beneficii</strong></span> <span class='ocrx_word' id='word_1_241' title='bbox 456 2681 465 2711; x_wconf 93' lang='lat'><strong>,</strong></span> <span class='ocrx_word' id='word_1_242' title='bbox 478 2658 496 2695; x_wconf 87' lang='lat' dir='ltr'><strong>a</strong></span> <span class='ocrx_word' id='word_1_243' title='bbox 504 2650 532 2696; x_wconf 87' lang='lat' dir='ltr'><strong>te</strong></span> <span class='ocrx_word' id='word_1_244' title='bbox 542 2646 572 2696; x_wconf 90' lang='lat' dir='ltr'><strong>ln</strong></span> <span class='ocrx_word' id='word_1_245' title='bbox 584 2637 826 2714; x_wconf 28' lang='lat' dir='ltr'><strong>totumlhominam</strong></span> <span class='ocrx_word' id='word_1_246' title='bbox 837 2653 889 2710; x_wconf 77' lang='lat' dir='ltr'><strong>ge·</strong></span> 
     </span>
     <span class='ocr_line' id='line_1_37' title="bbox 114 2715 697 2778; baseline -0.012 -10"><span class='ocrx_word' id='word_1_247' title='bbox 114 2715 406 2778; x_wconf 64' lang='lat' dir='ltr'><strong>⁸)Evnn3.&#39;LunXV.l⁰.</strong></span> <span class='ocrx_word' id='word_1_248' title='bbox 595 2723 597 2730; x_wconf 91' lang='lat'>&#39;</span> <span class='ocrx_word' id='word_1_249' title='bbox 646 2719 651 2731; x_wconf 82' lang='lat'><em>¹</em></span> <span class='ocrx_word' id='word_1_250' title='bbox 694 2718 697 2726; x_wconf 83' lang='lat'><em>&#39;</em></span> 
     </span>
    </p>
   </div>
   <div class='ocr_carea' id='block_1_5' title="bbox 205 1913 890 1978">
    <p class='ocr_par' dir='ltr' id='par_1_5' title="bbox 205 1913 890 1978">
     <span class='ocr_line' id='line_1_38' title="bbox 205 1913 890 1978; baseline 0.001 -11"><span class='ocrx_word' id='word_1_251' title='bbox 205 1916 296 1967; x_wconf 83' lang='lat' dir='ltr'><strong>entius</strong></span> <span class='ocrx_word' id='word_1_252' title='bbox 314 1930 332 1964; x_wconf 81' lang='lat' dir='ltr'><strong>n</strong></span> <span class='ocrx_word' id='word_1_253' title='bbox 347 1913 423 1978; x_wconf 85' lang='lat' dir='ltr'><strong>Deo,</strong></span> <span class='ocrx_word' id='word_1_254' title='bbox 461 1929 523 1966; x_wconf 85' lang='lat' dir='ltr'><strong>uam</strong></span> <span class='ocrx_word' id='word_1_255' title='bbox 547 1913 726 1970; x_wconf 79' lang='lat' dir='ltr'><strong>eoncordiam</strong></span> <span class='ocrx_word' id='word_1_256' title='bbox 742 1922 772 1968; x_wconf 85' lang='lat' dir='ltr'><strong>et</strong></span> <span class='ocrx_word' id='word_1_257' title='bbox 791 1914 890 1968; x_wconf 80' lang='lat' dir='ltr'><strong>harum</strong></span> 
     </span>
    </p>
   </div>
   <div class='ocr_carea' id='block_1_6' title="bbox 0 0 1087 3002">
    <p class='ocr_par' dir='ltr' id='par_1_6' title="bbox 0 0 1087 3002">
     <span class='ocr_line' id='line_1_39' title="bbox 0 0 1087 3002; baseline 0 0"><span class='ocrx_word' id='word_1_258' title='bbox 0 0 1087 3002; x_wconf 95' lang='lat' dir='ltr'><strong> </strong></span> 
     </span>
    </p>
   </div>
  </div>
 </body>
</html>
