2146 3008
192 183 244 238 240
457 182 613 239 otis'rio
631 181 746 239 xxiii.

192 301 268 348 rum,
284 285 411 336 terminis
421 299 454 335 ao
468 283 632 352 regionibus
645 285 835 346 eontinentur,
848 289 878 336 et
890 289 996 340 tantem

192 353 250 405 sim
260 351 372 415 habent,
384 358 414 402 ut
423 351 474 404 illa
482 352 545 420 ipsa
554 351 672 403 aliorum
684 353 804 404 omnium
814 350 996 404 humanorum

193 433 309 486 operum
329 417 485 470 confectrix
500 423 623 487 vetustae
637 418 680 471 his
694 419 756 471 unis
766 417 915 480 nonmodo
925 416 995 473 nihii

193 483 336 548 detrahat,
350 486 400 536 sed
414 487 548 538 maiorem
557 487 586 536 in
596 486 656 538 dies
668 491 728 536 tom
749 485 852 536 aretae
862 486 995 536 conciliet

193 552 367 619 dignitatem.
403 554 556 606 'l'receutas
577 553 724 619 sexaginta
765 552 881 603 emetrio
895 549 995 602 Phale-

192 621 274 682 τον)
289 625 396 680 statuas
409 620 638 688 aereuspopulus
652 617 829 673 Atheniensis
851 632 922 668 enno
936 631 995 680 uno

194 699 284 752 eoque
294 700 349 735 nen
361 687 421 735 toto
433 693 578 752 posuerat,
593 684 995 754 quibuspmnibusDemetrius

191 751 254 819 ipse
268 757 410 816 superstes
428 753 490 803 fuit.
524 753 560 804 m
581 769 652 822 quae
670 755 730 819 ipse
744 754 799 804 sibi
817 757 995 803 monumenta

191 817 299 884 ingenii
308 832 341 867 ue
357 818 500 870 doctrinae
515 820 705 887 magnitudine
719 821 908 881 exstruxerat,
921 824 995 870 eset

191 884 287 935 multis
297 890 362 953 post
370 887 460 952 ipsum
472 885 593 939 saeculis
603 888 764 955 riguerunt,
776 891 812 948 et,
824 901 884 936 eum
895 890 994 952 postea

192 950 279 1002 densa
308 951 425 1002 uaedam
439 959 467 1003 et
477 969 564 1020 opaea
577 969 634 1006 nox
648 968 756 1006 omnem
768 967 854 1020 prope
871 950 993 1017 discipli·

191 967 390 1070 narumiucen
401 1020 594 1084 exstinxisset,
609 1036 644 1074 ex
658 1021 747 1072 oculis
763 1026 859 1087 erepta
874 1017 993 1070 incredi-

143 1125 145 1128 .
190 1081 248 1135 bile
268 1084 438 1137 desiderium
459 1089 504 1138 sui
520 1089 549 1138 in
569 1089 690 1138 omnium
709 1087 880 1139 eruditorum
894 1084 993 1138 animis

191 1149 245 1202 reli
265 1158 374 1204 uerunt.
408 1151 490 1204 Elete
514 1159 544 1204 et
567 1156 713 1221 magnifiee
737 1154 771 1205 de
793 1169 837 1218 se,
860 1160 892 1204 ut
910 1153 993 1226 solet,

193 1166 393 1283 Pindaruffl,
417 1221 466 1271 sed
484 1228 578 1272 tamen
590 1236 674 1273 uere:
698 1223 860 1272 statuarium
880 1233 941 1271 esse
961 1231 992 1273 se

193 1293 292 1402 nepai,
306 1287 353 1352 qui
367 1293 456 1337 mutas
472 1293 578 1340 statuas
592 1287 687 1340 edolet
700 1304 756 1340 una
768 1289 873 1340 defixas
884 1289 913 1338 in
922 1284 994 1362 basi,

194 1364 225 1401 se
259 1366 331 1418 quos
343 1355 403 1422 ipse
417 1355 543 1406 cantibus
557 1355 614 1408 suis
630 1356 765 1418 celebret,
783 1370 880 1408 eorum
893 1353 995 1404 danum

193 1421 270 1469 terre
279 1421 403 1486 ararique
413 1423 507 1488 spargi
518 1438 550 1472 ae
561 1422 745 1476 disseminari.
943 1440 946 1444 ·

190 1537 193 1542 ,
229 1483 285 1536 Sed
305 1493 385 1538 erunt
398 1486 531 1551 fortasse,
552 1491 599 1554 qui
613 1491 697 1539 vitam
708 1488 855 1540 militarem
869 1485 934 1540 huie
947 1500 1006 1554 no5·

195 1555 270 1602 strae
280 1559 396 1619 pacatae
410 1560 493 1618 atque
508 1555 647 1604 umbratili
659 1554 879 1628 anteponendam
888 1559 996 1620 putent.

119 1623 123 1646 ¹
194 1615 266 1669 Mihi
291 1619 401 1685 quidem
423 1618 539 1668 fortium
559 1621 682 1668 virorum
704 1623 833 1670 vrrtutem
857 1620 998 1672 detrecta-

188 1686 295 1748 rem)
319 1689 366 1733 aut
389 1684 496 1742 conari,
517 1689 547 1732 ut
566 1682 714 1748 quidquem
732 1695 766 1732 ex
786 1697 882 1734 eorum
902 1686 999 1750 gloria

194 1751 333 1808 deterunt,
343 1761 437 1812 neque
454 1750 626 1814 propesitum
639 1757 696 1811 est,
716 1764 805 1815 neque
818 1749 862 1802 ias
874 1750 996 1816 videtur.

193 1811 292 1869 Potius
302 1813 438 1874 omuibus,
451 1814 497 1880 qui
508 1814 626 1868 dicendo
637 1815 741 1884 aliquid
753 1824 998 1883 possunt,ourneua
1056 1873 1057 1880 ,

192 1881 357 1934 industriam
371 1879 406 1929 ad
418 1894 467 1931 eos
478 1881 662 1936 celebrandos
673 1884 869 1940 conferendam
881 1901 995 1951 censeo,

192 1953 221 1996 et
233 1943 287 1995 hoc
300 1945 391 2012 ipsum
404 1963 519 2000 numero
532 1951 606 2002 inter
633 1954 764 2020 raecipua
776 1952 862 2014 bona,
877 1967 948 2020 quae
959 1953 995 2005 ab

191 2010 297 2063 artibus
324 2015 429 2066 nostris
454 2017 483 2068 in
506 2018 591 2070 vitam
614 1969 754 2072 dominum
777 2027 900 2083 manant,
919 2019 997 2087 quod
1055 2071 1056 2076 ,

190 2093 287 2132 earum
295 2096 351 2148 ope
356 2083 501 2148 praeclara
509 2082 621 2137 illorum
632 2086 758 2139 facinora
768 2087 802 2137 ad
812 2087 997 2145 immortalem

191 2149 367 2215 posteritatis
384 2152 545 2204 memoriam
557 2153 801 2218 consecrantur†).
837 2153 997 2205 Sedtameu
1054 2167 1055 2178 ¹

135 2239 142 2251 κ
192 2215 217 2267 si
237 2217 299 2283 quis
318 2232 413 2268 seeum
431 2219 461 2270 in
479 2221 570 2272 auimo
586 2229 709 2290 reputet,
728 2235 799 2290 quae
812 2221 871 2274 rita
884 2222 921 2272 sit
933 2220 996 2272 eius

239 2348 260 2403 ·)
276 2345 339 2392 rin.
349 2305 544 2396 umxxxrv.
555 2356 577 2398 s.
586 2358 621 2414 ru

230 2419 263 2476 ⁸⁸)
278 2419 378 2490 Nem-V:
385 2423 415 2491 iu·
427 2421 644 2488 Οιῦκιᾶνδοιανῃοποιός
653 2429 755 2492 φῂῶσῇ
765 2427 897 2492 ἂινῦςισοντῤ
905 2429 998 2491 μζίρνὸ-
1053 2413 1054 2476 i

194 2473 269 2522 &aon
274 2473 369 2526 hoines
381 2490 406 2519 m
423 2491 487 2529 evang
495 2478 602 2528 findantius
609 2479 684 2523 deseos
691 2476 741 2526 ,aa
757 2479 792 2518 ent
800 2491 869 2526 nasot
877 2475 965 2524 niutan
974 2478 998 2518 le

193 2525 288 2583 ι’ἶιιιὶτῳ,
297 2528 377 2581 γλυκεῖ’
388 2527 456 2574 iacta,
466 2537 533 2583 ouils
544 2530 586 2569 θῑῦ·

222 2593 263 2646 ''¹)
279 2593 329 2636 Liv.
339 2591 480 2636 xxxviii.
491 2597 527 2638 49.

225 2647 255 2702 †)
271 2649 319 2692 cic.
330 2661 371 2706 pro
381 2641 430 2690 urii
440 2649 498 2702 §isa
509 2651 585 2708 Prope
595 2653 624 2696 sd
633 2647 819 2698 immortalitatis
829 2652 853 2694 et
860 2646 998 2703 religionen
1051 2687 1052 2690 ,

193 2702 217 2744 si
225 2705 360 2748 mrim
369 2711 535 2751 contenanum
