2156 3008
207 142 257 199 tae
475 113 736 204 qnnrnoxn'r.
784 87 790 98 ⁶

227 242 379 296 otieeianum
390 240 522 306 pendeat,
536 245 706 306 quantopere
717 246 746 290 te
760 237 808 290 tuli
822 239 882 290 niro
894 237 937 292 liis
947 246 1000 294 tur-

206 257 406 360 Eulentiasimia
419 305 588 373 temporibus
603 291 733 358 divinitus
748 305 884 356 Pontiiiee
898 315 999 372 creato,

207 373 261 427 eibi
278 380 389 440 praeter
407 377 516 436 eeteros
538 371 711 438 gaudendum
731 372 887 486 aripretdr.
924 374 999 434 Quae

206 441 299 492 omnia
307 441 332 490 si
341 439 402 506 quie
411 440 452 490 ita
461 453 491 490 se
502 445 621 491 tractare
632 453 715 504 posse
726 452 779 490 eon
800 438 858 499 det,
867 444 900 488 ut
910 453 999 492 rerum

204 505 388 574 magnitudini
406 505 541 557 orationis
560 504 717 571 pulcritudo
739 505 920 569 respondeat,
939 521 999 559 euru

205 578 318 638 oportet
335 577 383 624 aut
397 572 437 621 ita
454 573 634 624 exercitatum
649 586 711 622 esee
724 571 752 620 in
768 571 896 636 dicendo,
916 578 948 623 ut
960 572 999 624 la·

204 639 308 690 cultate
329 651 384 688 sua·
397 635 485 689 fretus
505 637 574 688 nihil
589 638 643 689 e'ibi
664 637 776 688 difficile
788 643 870 704 etque
882 638 998 691 arduum

203 710 294 774 putet,
304 709 352 761 aut
362 704 634 767 itaineuqroitatum‚
644 710 676 754 ut
686 718 779 758 errore
797 704 894 756 duetus
908 719 998 757 rerum

203 769 328 840 pondera
342 775 371 820 et
383 777 523 836 momenta
538 771 606 822 satis
621 777 700 822 acute
713 776 796 837 atque
810 770 998 838 intelligenter

203 837 361 904 perspicere
386 851 419 888 ae
442 836 593 894 diiudicare
613 853 668 889 non
686 841 784 904 poenit.
818 836 914 904 Neque
933 837 1000 894 nulu

202 918 277 954 nuno
287 901 341 962 alia
356 903 414 970 ulle
426 919 472 956 ree
486 905 643 970 perculsum
656 919 689 956 ao
703 904 877 956 debilitatum
890 901 942 954 hac
955 919 998 958 eo·

202 970 339 1038 gitatione
359 972 478 1023 animum
496 972 582 1039 erigit
599 987 632 1022 ae
652 971 806 1033 confirmat,
827 985 907 1038 quam
927 971 999 1036 quud

205 1036 277 1103 apud
295 1044 322 1088 te
342 1031 488 1090 dicendum
502 1047 556 1101 est,
575 1038 735 1090 beatissime
749 1037 845 1100 Pater,
864 1037 910 1105 qui
925 1043 953 1088 et
966 1053 1001 1090 ea

205 1104 397 1170 sapientius,
418 1112 462 1167 ut,
482 1107 577 1173 quanti
590 1119 714 1172 quaeque
729 1120 773 1159 res
787 1105 837 1168 eit,
857 1119 892 1156 ex
903 1110 1001 1156 notura

205 1171 304 1236 ipsius,
323 1187 379 1224 non
394 1187 429 1224 ex
442 1173 491 1234 iis,
511 1187 581 1240 quae
598 1173 632 1222 de
648 1186 681 1223 ea
693 1171 833 1233 dicuntur,
852 1171 1000 1237 ponderes,

205 1245 235 1288 et
248 1252 282 1289 ea
291 1238 407 1302 lenitate
421 1253 454 1289 ae
467 1240 689 1298 mansuetudine,
709 1239 808 1300 uteie,
827 1239 885 1303 qui,
906 1238 1001 1303 potius

205 1319 287 1422 poam
297 1305 415 1357 ollicium
426 1305 568 1369 deserant,
582 1306 642 1358 eius
658 1318 742 1356 onere
754 1303 872 1371 opprimi
886 1303 1000 1372 malunt,
1061 1333 1064 1404 p

218 1371 288 1422 ueile
300 1387 332 1422 ae
343 1373 464 1424 libenter
473 1374 612 1439 ignoscas.

238 1437 308 1488 Mihi
330 1454 395 1490 vero
417 1439 552 1500 memoria
574 1444 670 1488 vetera
693 1433 831 1499 repetenti
851 1437 881 1484 et
899 1435 1003 1490 neentis

206 1504 303 1556 oeulos
313 1519 363 1569 per
372 1506 429 1554 anti

204 1568 315 1632 ferenti,
327 1586 381 1620 non
391 1520 463 1620 unge
473 1568 608 1632 incipere,
620 1563 668 1612 sed
680 1563 725 1612 ubi
738 1563 864 1613 desinere
874 1560 1004 1628 debeam,

203 1643 327 1687 statuere
338 1633 448 1685 difficile
458 1632 574 1682 videtur.
610 1629 700 1678 Tanta
713 1634 757 1678 est
772 1627 844 1678 enim
862 1642 956 1680 reruni
967 1631 1004 1682 ab

204 1703 245 1754 eis
255 1707 394 1768 gestarum
403 1695 573 1762 magnitudo,
583 1698 660 1744 tanta
670 1695 758 1760 eopia,
771 1699 802 1744 ut
812 1709 901 1761 neque
910 1699 1005 1761 possit

451 1519 485 1553 ua
494 1519 590 1567 regum
601 1507 757 1552 nostrorum
775 1498 876 1548 decoro
886 1497 1003 1548 eircum-
1062 1547 1063 1562 ἢ

204 1769 359 1834 quisquam,
370 1779 404 1813 ne
414 1763 439 1812 ei
448 1759 557 1811 mentiri
570 1760 679 1826 quidem
690 1760 770 1824 velit,
781 1762 887 1812 muiora
898 1763 1002 1828 contin·
1060 1817 1061 1824 χ

192 1847 282 1900 gere,
293 1843 394 1894 neque,
405 1841 471 1877 vera
480 1833 657 1888 consectans,
669 1830 761 1879 omnia
771 1835 826 1879 tam
839 1828 918 1880 brevi
932 1837 1002 1882 tem·

190 1943 194 1950 .
222 1897 278 1948 orla
297 1894 387 1959 spatio
404 1895 546 1959 persequi,
565 1894 615 1946 sed
634 1900 682 1954 aut
700 1895 733 1946 ab
754 1896 815 1962 ipae
835 1891 934 1958 multa,
953 1903 1003 1947 aut

202 1913 291 2028 fpsum
311 1975 328 2009 a
346 1965 470 2026 tempore
501 1959 594 2012 deseri
616 1975 731 2024 neeesse
754 1964 800 2015 eit.
833 1961 904 2014 Nam
928 1976 1001 2030 quae

202 2026 312 2078 tandem
322 2040 390 2092 gens
400 2027 428 2077 in
438 2031 499 2079 toto
515 2028 581 2080 orbe
595 2034 731 2081 terrarum
746 2029 882 2096 nominari
895 2035 1001 2096 potest,

189 2151 191 2158 Ι
202 2107 271 2162 quae
280 2092 369 2144 eemel
378 2101 535 2160 susceptam
542 2095 605 2146 lesu
614 2094 716 2148 Christi
726 2095 899 2159 salvatoris*)
907 2096 1000 2151 nostri

150 2189 155 2197 .
200 2157 365 2227 religionem
383 2163 665 2232 maioreeonetantia
685 2176 780 2230 puram
799 2165 1001 2228 incorruptum·
1058 2189 1059 2198 κ

201 2241 254 2296 que
280 2229 450 2282 servareritl
486 2245 556 2300 quae
583 2231 676 2300 plures
704 2231 892 2283 atrocioreare
920 2225 1001 2286 illiue

228 2363 249 2419 ⁰)
266 2364 370 2410 Muretne
378 2365 402 2408 in
411 2376 480 2418 marg.
494 2361 591 2406 Aldinae
605 2363 707 2418 reposuit
716 2377 793 2408 rocem
804 2361 873 2416 magis
884 2360 1000 2414 Latinum,

199 2421 329 2466 novatoris.
343 2419 433 2463 lirrhnlr.
461 2419 547 2462 Vocem
557 2420 662 2462 salvator
672 2424 763 2475 praeter
771 2417 863 2461 Noiten.
874 2416 1001 2463 defendere
1056 2451 1057 2474 ,

200 2477 289 2521 attinuit
298 2475 420 2520 Foreellin.
430 2475 454 2518 in
463 2475 520 2518 Lex.
531 2473 566 2515 irie
580 2475 703 2529 praecipue
712 2475 798 2517 verbine
813 2471 912 2523 „Merito
927 2476 1002 2527 igitur

99 2573 102 2582 ,
200 2532 263 2578 doeti
272 2533 315 2578 uiri
324 2531 431 2587 permulti
441 2543 480 2573 eae
493 2529 674 2585 reprehendunt,
691 2531 730 2585 qni
744 2541 793 2574 eum
804 2529 831 2571 de
840 2528 893 2571 lesu
903 2528 1001 2574 Christe
1055 2565 1056 2568 ,

199 2590 283 2642 egitur,
291 2596 430 2633 savatorem
439 2586 516 2641 polius
525 2598 590 2640 quen
608 2588 760 2652 salvatorem..
779 2596 836 2628 vene
846 2587 916 2638 netu,
929 2599 961 2632 ne
975 2587 1001 2634 in

200 2641 303 2690 huenen
312 2643 411 2700 linguatu
426 2648 527 2698 peeeent,
537 2640 654 2698 appellere
661 2639 808 2686 noluerint!
