2156 3008
372 199 523 261 orario
540 197 623 254 v111.

221 365 417 450 'nonanus
452 313 761 452 nnnlnosonnnn

356 477 637 532 uncassrrnra

160 576 223 614 culi
243 575 275 614 iri
294 574 334 612 ΕΑ
352 573 512 614 ΒΟΟΕΝΒΑ
530 575 840 618 PROGREBERETUR.

102 661 334 739 OR.A
399 661 431 732 Τ
496 665 514 734 I
581 664 639 736 0*
715 666 892 739 VIII.

123 771 260 844 'HABITA
288 799 400 841 ROMAE
431 802 493 841 vn.
523 803 568 842 ID.
600 805 743 847 horores.
775 809 861 848 ANNO

414 885 583 925 nourr.

138 939 293 1038 Superiori
310 983 394 1032 anno,
414 984 475 1020 eum
496 971 649 1023 iniunctum
662 971 731 1026 mihi
750 973 894 1030 Pontifieis

101 1040 271 1090 auctoritate
283 1051 381 1086 munus
395 1035 474 1086 obire
492 1037 658 1103 inciperem,
676 1041 763 1092 multa
782 1042 839 1094 dixi
860 1043 894 1100 de

102 1102 231 1156 laudibus
244 1100 446 1169 philosophiae,
458 1100 673 1169 cohortatusque
683 1119 733 1156 vos
743 1121 803 1156 sum
814 1122 894 1171 quam

103 1170 184 1286 potui
198 1168 421 1236 diligentissime,
439 1168 464 1218 si
475 1169 704 1234 tranquillitatem
719 1172 805 1231 vitae,
824 1174 848 1220 si
862 1171 894 1222 li·

124 1239 250 1295 ertatem,
260 1236 285 1284 si
294 1233 320 1283 di
324 1234 456 1298 gnitatem
466 1237 547 1348 utplue
558 1231 769 1296 honestatem‚si
779 1237 894 1288 salutem

105 1301 223 1366 denique
238 1305 266 1350 et
277 1306 394 1350 restrum
405 1305 433 1350 et
444 1298 498 1363 pub
511 1300 581 1358 feam
592 1314 682 1350 caram
693 1299 843 1362 haberetis,
855 1310 893 1362 ut,

104 1379 176 1434 quae
190 1379 235 1416 ars
248 1365 440 1432 tranquillaret
449 1365 567 1426 animos,
582 1379 651 1431 quae
666 1380 714 1416 eos
728 1367 895 1424 atoterrima
983 1391 987 1396 ·
1063 1395 1067 1404 ·

104 1433 236 1484 uitiorum
249 1433 381 1482 servitute
394 1433 423 1482 in
441 1431 541 1480 iustam
557 1432 719 1510 plenamque
738 1429 894 1490 libertatem

104 1504 229 1550 assertos
242 1496 277 1546 ad
289 1511 382 1548 verum
399 1497 496 1558 decus,
517 1498 592 1562 quod
608 1497 636 1546 in
655 1504 755 1548 virtute
774 1498 894 1564 positum

105 1565 162 1624 est,
177 1561 355 1625 traduceret:
368 1577 438 1630 quae
452 1563 570 1630 denique
583 1569 611 1614 et
623 1563 894 1632 singulos-privatior

105 1635 135 1680 et
147 1629 256 1696 publice
270 1635 345 1688 totas
359 1630 485 1680 civitates
503 1637 693 1693 conservaret,
713 1630 773 1680 eius
792 1631 820 1679 in
839 1636 894 1696 shr-

104 1695 181 1746 dium
189 1700 250 1746 toto
259 1700 387 1759 pectore,
396 1695 451 1746 alia
462 1697 536 1746 omni
547 1697 716 1762 cogitatione
726 1693 893 1762 posthabita,

101 1760 309 1813 incumbentis.
345 1761 432 1821 ersru
443 1760 666 1812 cohortationem
678 1777 766 1814 meam
777 1763 830 1812 etsi
839 1776 893 1812 uon

102 1827 322 1892 praeterveetanr
339 1841 402 1877 esse
422 1840 503 1878 aures
514 1829 661 1890 vestram,
680 1828 777 1880 sedin
797 1827 894 1878 animis

103 1892 283 1958 plurimorum
292 1893 402 1958 penitus
412 1892 560 1953 Insedisse,
573 1892 618 1943 vel
626 1907 663 1944 ox
673 1908 706 1946 eo
715 1893 895 1960 probabiliter

101 1958 226 2024 intelligi
239 1960 342 2022 potuit,
353 1958 436 2024 ·quod
447 1956 514 2008 milri
527 1963 625 2023 postea
638 1973 672 2011 ex
686 1960 738 2012 hoe
753 1961 813 2026 ipso
831 1959 894 2010 loco

101 2021 296 2090 philosophiae
306 2029 454 2089 praecepta
464 2023 585 2073 tradenti
598 2025 665 2074 sotis
679 2025 837 2092 frequentes
853 2041 894 2076 as-

103 2087 212 2140 siduam
224 2101 334 2155 operam
345 2090 471 2150 dedistis,
486 2088 579 2139 iacere
589 2093 680 2138 tamen
694 2107 744 2158 pro
756 2105 816 2142 meo
829 2105 895 2157 erga

102 2169 155 2206 ros
165 2169 259 2206 amore
270 2169 325 2206 uon
335 2170 459 2222 possum,
473 2155 538 2220 quin
548 2167 598 2204 ros
609 2151 661 2202 hoc
672 2169 780 2234 quoque
790 2163 894 2222 tempo·

102 2235 134 2271 re
144 2235 201 2273 non
214 2217 348 2276 adhortor
357 2227 475 2281 tantum,
490 2219 539 2270 sed
554 2219 697 2268 obsecrem
711 2228 794 2272 etnam
807 2230 835 2272 et
848 2221 895 2272 ob·

102 2293 206 2347 tester,
217 2288 263 2352 qui
272 2289 327 2336 iam
337 2287 391 2338 iter
399 2286 469 2337 illud
478 2285 598 2351 ingressi
608 2283 686 2343 estis,
696 2292 726 2334 ut
737 2295 895 2336 constanter

101 2353 316 2418 persequamini,
327 2353 372 2418 qui
383 2353 510 2411 nondum,
522 2357 552 2401 ut
562 2347 590 2402 id
600 2347 678 2400 vobis
688 2351 774 2416 primo
786 2365 894 2416 quoque

101 2425 230 2484 tempore
243 2415 453 2484 ingrediendum
473 2431 534 2468 esso
553 2415 690 2468 statuatis.
725 2413 807 2464 Nulla
824 2417 894 2466 enim

102 2486 180 2536 ritae
195 2497 271 2548 pars,
284 2484 362 2535 nulla
370 2481 479 2533 vivendi
489 2483 560 2534 ratio
575 2495 669 2534 carere
682 2478 788 2540 fructu,
806 2481 851 2546 qui
862 2495 895 2530 ex

131 2577 153 2631 ⁸)
169 2574 217 2618 Oia.
226 2585 269 2628 pro
278 2575 350 2620 Balbo
362 2580 382 2618 l.
391 2578 451 2618 extr.
465 2573 555 2618 Etenim
569 2575 590 2616 ei
608 2570 701 2615 streeerlo
715 2573 823 2623 orationi,
839 2583 896 2626 quae
983 2617 985 2626 A

101 2644 148 2730 ἔξω
154 2637 318 2730 VT‘W
325 2631 357 2675 rit
366 2643 430 2674 arens
438 2636 538 2690 notras,
549 2629 589 2672 red
599 2629 622 2672 iu
633 2626 713 2672 minis
727 2629 822 2672 omruurn
833 2629 898 2682 poni·

128 2699 195 2734 ame
211 2699 243 2730 m
254 2713 260 2728 .
