2146 3008
167 173 217 228 ²28
441 169 592 227 ORATlO
609 173 710 228 xxii.

167 277 232 332 dum
241 275 358 328 Romani
367 275 550 330 Pontifieams
564 277 715 328 auctoritas
727 291 742 327 e
753 275 846 328 Gallia
854 277 969 331 tollere-

166 350 221 394 tur.
258 343 330 403 Quin
341 345 436 404 etiam,
453 343 477 393 si
487 357 518 394 se
528 357 580 394 rex
589 345 623 394 ab
634 343 687 394 hae
696 352 792 395 saneta
802 345 869 395 sede
880 345 969 396 disso-

168 409 243 460 ciare
260 411 359 472 vellet,
379 415 533 476 promptam
550 411 577 460 ei
591 417 619 460 et
633 409 744 460 facilem
759 411 831 460 viam
851 412 969 462 adfines

167 478 248 542 regni
261 476 445 541 proferendos
458 483 488 526 et
501 477 536 526 od
547 477 676 527 finitimas
686 477 844 542 provincias
858 478 911 528 sub
920 480 968 528 im·

167 542 274 610 perium
294 559 372 593 suum
392 543 597 609 subiungendum
617 543 802 594 ostentabant.
838 543 895 594 Sed
915 557 968 593 ma·

168 623 239 676 gnus
259 617 288 660 et
307 623 323 658 a
341 616 441 659 natura
454 610 516 674 ipsa
533 610 569 660 ad
586 608 761 660 honestatem
780 607 976 660 conformatus

168 676 275 730 animus
290 689 341 727 neo
355 675 551 742 asperitatibus
568 673 682 738 terreri,
702 691 754 728 nee
767 676 825 727 ulla
839 675 967 728 utilitatis

168 742 377 808 specieareeto
389 742 614 807 avocaripotest.
943 771 945 776 ,

201 805 262 856 Rex
272 806 442 859 fortissimus
453 813 482 860 et
491 809 643 859 maioribus
654 809 711 860 ruis
722 809 910 875 dignissimus,
921 823 956 874 qu

165 872 274 938 pictatio
284 890 316 925 ac
324 874 443 926 iustitiae
453 875 572 942 gloriam
583 877 624 925 ita
633 878 716 926 etiam
725 891 794 941 puer
801 876 967 936 adamasset,

167 947 198 990 ut
207 942 276 1006 ipsis
297 955 392 992 eorum
409 943 541 992 virtutum
559 941 716 993 nominibus
730 944 810 1008 quasi
826 957 875 1007 pro
895 955 967 1008 sym·

166 1005 233 1059 bolo
258 1014 363 1070 utatur,
389 1009 481 1060 omnia
501 1008 556 1058 sibi
577 1010 653 1075 prius
672 1009 838 1074 perferenda
860 1008 967 1070 statuit,

168 1087 250 1138 quam
260 1076 408 1154 quidquam
418 1073 654 1137 committendum,
666 1089 720 1142 quo
727 1089 824 1126 earum
835 1075 969 1124 alterutra

168 1138 214 1190 rel
231 1144 344 1195 minima
359 1149 487 1209 exparte
503 1142 605 1194 violari
619 1142 770 1194 videretur.
806 1141 967 1207 Repudiatis

167 1207 255 1276 igitur
269 1209 394 1260 omnibus
404 1207 592 1276 improborum
603 1209 728 1261 consiliis
739 1223 772 1260 ao
782 1205 967 1266 suasionibus,

160 1280 267 1341 ‘magno
277 1275 326 1328 ille
338 1277 448 1343 quidem
457 1291 521 1328 eum
529 1276 671 1338 doloreac
682 1279 806 1328 cruciatu
813 1273 908 1335 animi‚'
917 1273 968 1325 sed

165 1347 271 1402 tamen,
288 1345 376 1409 utqui
386 1349 530 1408 'corruptas
546 1357 579 1393 ao
591 1345 703 1394 vitiatas
717 1343 843 1410 eorporis
855 1342 898 1392 sui
907 1351 969 1408 paru

136 1445 145 1454 .
165 1409 289 1470 tes,aliis
300 1411 425 1460 omnibus
435 1405 968 1478 frustratentatis,uruntpostremoaut

166 1471 274 1535 s'eeant,
291 1489 326 1525 ne
338 1490 431 1526 earum
442 1474 572 1540 contagio
584 1476 685 1524 ceteris
697 1474 785 1537 obsit,
800 1489 862 1524 eum
872 1473 969 1524 iamin

164 1539 320 1590 lenioribus
334 1541 465 1590 remediis
478 1538 560 1589 nulla'
569 1539 632 1603 sp'es
646 1544 735 1596 esset,
750 1537 785 1586 ad
800 1540 911 1590 acriora
921 1539 969 1592 de·

166 1606 300 1656 scendere
310 1612 339 1656 et
347 1607 402 1654 rim
414 1603 616 1666 quodammodo
627 1601 780 1651 visceribus
792 1605 849 1650 suis
861 1605 969 1658 inferre

103 1672 105 1680 '
165 1679 279 1723 coaetus
300 1676 351 1720 est.
385 1667 547 1716 intestinum
561 1679 594 1714 ae
609 1657 792 1724 domesticum
806 1665 920 1730 bellum,
935 1671 969 1723 in
1046 1722 1052 1736 x

165 1751 220 1808 quo
232 1735 336 1793 omnia,
348 1745 417 1845 puae
428 1726 547 1792 eogitari
555 1734 674 1794 possunt¹
682 1733 849 1794 miserrima,
859 1735 967 1800 insunt¹

108 1823 111 1827 ·
161 1800 322 1852 necessario
338 1811 353 1847 e
378 1796 510 1854 adversus
524 1809 590 1846 suos
604 1798 809 1866 susciplendum
823 1815 856 1851 ac
867 1808 968 1867 geren·

96 1891 99 1894 ·
163 1869 226 1919 dum
238 1863 299 1922 luit,
311 1867 339 1911 et
348 1864 428 1912 ruina
437 1861 651 1930 restinguendus
661 1866 744 1933 ignis,
755 1881 790 1918 ne
799 1873 862 1919 tuta
872 1868 967 1922 Gallia

163 1930 261 1982 eodem
284 1929 414 1981 incendio
441 1928 664 1998 conflagraret*).
701 1934 856 1988 Commissa
878 1936 968 1990 multa

162 1995 283 2064 proelia,
299 1996 388 2047 multa
402 2011 485 2048 eausa
499 1996 640 2050 hominum
652 2001 752 2065 millia,
768 2017 852 2070 saepe
863 2002 920 2054 lusi
931 2017 966 2056 w

162 2061 305 2130 profligati
312 2061 421 2130 hostes3
431 2077 490 2117 irex
499 2073 591 2118 temen
602 2067 833 2122 elementissimus
846 2076 875 2121 et
887 2083 964 2131 suos,

162 2129 186 2182 si
197 2145 251 2198 qua
260 2133 369 2185 ratione
379 2139 483 2202 posset,
493 2135 658 2201 prolatando
668 2137 761 2202 potius
771 2138 807 2188 ad
814 2139 965 2189 sanitatem

162 2199 327 2266 perducere,
338 2214 418 2268 quam
430 2201 523 2253 delere
534 2215 567 2252 ae
576 2203 693 2269 perdere
704 2206 831 2270 cupiens,
847 2205 888 2254 eis
898 2217 964 2255 con·

163 2269 316 2320 ditionibus
330 2270 520 2335 doquieverat,
535 2283 602 2335 quar
618 2271 799 2336 aequissimas
813 2271 898 2320 etiam
911 2271 962 2320 iai·

116 2369 123 2376 ι
163 2336 290 2402 quissinri
300 2336 463 2387 iudicarant.
499 2334 646 2388 Paestano
657 2341 811 2404 eomposita
821 2337 914 2390 omnio
922 2339 964 2388 vi·

163 2403 310 2464 dabantur,
322 2404 431 2469 iamque
443 2417 507 2468 spes
521 2409 592 2465 erat,
608 2403 801 2470 plerosqueex
810 2404 866 2454 illis
878 2404 964 2454 miso·

164 2473 201 2520 ris
212 2471 356 2536 agnituros
367 2485 491 2520 errorem
501 2484 579 2521 suum
593 2471 667 2520 etad
679 2471 814 2522 ecelesiae
826 2471 962 2536 gremium

163 2545 260 2604 suapte
274 2543 372 2607 sponte
385 2537 538 2599 redituros,
554 2550 616 2594 eum
631 2537 673 2588 illi
686 2537 792 2602 patriae
801 2536 961 2603 praedones

201 2691 221 2742 ¹)
239 2691 332 2736 saliuae
344 2693 394 2735 cat.
405 2694 439 2734 81.
451 2696 511 2736 extr.
528 2691 576 2737 Cio.
584 2689 626 2748 pro
636 2691 740 2736 meree.
751 2691 771 2748 ξ.
781 2693 815 2735 tl.
