2156 3008
214 145 263 200 lte
500 137 653 194 naulo
674 139 739 194 XV.
841 152 844 160 ⁴

212 241 1008 314 menpsngressnsssse,antisquiiurrsetvmsecgntus

214 329 285 367 nem.
295 327 330 363 ex
344 312 413 378 ipsis
424 307 548 360 inntilms
562 307 672 362 hartrire
685 311 811 373 eupiunt,
832 311 894 376 epis
908 310 1008 377 aliquid

213 379 317 432 efferre
332 377 449 444 possim,
462 376 556 442 putavi
570 381 678 443 tempus
689 375 743 426 iam
756 375 846 440 ipsum
859 377 1009 442 postulare,

149 483 152 488 -
214 453 245 498 ut
260 445 415 512 prodirem,
434 448 462 492 et
480 448 596 494 navatae
615 443 644 492 in
662 439 716 492 hnc
733 457 838 508 genere
857 443 1007 496 studiorum

214 526 316 580 operam
327 511 467 577 specimen
477 509 590 575 aliquod
599 507 702 562 darem.
738 509 896 564 curantem
906 509 1008 562 Pande·

214 585 273 630 ctas
281 577 455 644 potissimum
465 575 675 628 extr-aerdinem
683 575 1007 640 interpretariroluerim,

214 657 314 695 caussa
335 640 488 693 haee-snit.
523 640 659 692 Videbam
682 639 885 692 eruditissimos
907 643 937 695 in
958 639 1007 694 hae

214 707 312 760 schola
323 710 413 770 vires,
428 707 527 773 quibus
537 707 656 758 docendi
665 708 734 757 iuris
747 720 844 758 munus
853 707 1008 760 mandatum

214 781 271 836 est,
280 775 320 824 ite
329 789 359 826 se
368 777 398 825 in
408 788 442 824 eo
453 787 564 840 gerere,
579 779 622 835 ut,
635 774 696 839 ipsa
705 775 730 825 si
739 773 817 839 loqui
827 779 922 840 posset
930 774 1008 826 iuris·

214 841 374 907 prudentia,
403 855 458 892 non
485 842 587 892 certius
613 847 660 890 aut
683 841 825 906 copiosius
846 845 895 890 aut
911 840 1010 892 maiori

101 937 107 944 -
210 917 276 958 'eum
284 907 420 976 dignitate
428 907 838 973 videaturexplicaturasensns
846 920 921 968 suns,
929 921 1009 973 quam

214 973 249 1024 ab
263 973 321 1026 illis
334 974 459 1040 quetidie
473 973 655 1039 explicantur.
670 1001 674 1006 ·
690 972 788 1027 Omnia
803 988 838 1026 ex
851 987 947 1032 eorum
960 987 1009 1026 ere

213 1039 367 1107 profluunt,
391 1055 460 1120 quse
475 1040 505 1092 in
520 1038 572 1091 hae
588 1046 649 1090 arte
663 1045 712 1090 ant
730 1040 850 1106 eogitari
861 1039 1010 1106 prudenter

215 1113 264 1159 aut
277 1107 320 1159 dis
341 1114 414 1158 utam
427 1112 506 1158 acute
525 1111 573 1158 aut
585 1112 662 1158 certo
676 1106 786 1168 deliniri
802 1121 835 1159 ac
848 1106 933 1158 stetui
947 1121 1010 1171 pos·

215 1181 287 1226 sunt
326 1181 355 1226 ta
374 1188 408 1224 ue
419 1174 516 1224 cumin
526 1173 652 1226 amnibus
662 1171 787 1235 habeam,
797 1173 871 1240 qued
881 1173 1009 1235 admirer,

214 1240 244 1291 in
264 1240 340 1292 nulio
356 1189 462 1302 debeo,
484 1239 559 1307 qued
577 1239 741 1296 desiderem.
777 1239 833 1292 Sed
848 1240 891 1292 illi
908 1245 1011 1301 tamen,

215 1308 283 1374 quid
298 1307 430 1374 dignitati
446 1321 514 1358 suae
538 1307 632 1374 eique,
649 1322 732 1374 qnam
744 1307 923 1360 meritissimo
941 1305 1011 1359 obti-

214 1380 293 1436 nent,
318 1373 480 1427 auctoritati
500 1381 716 1430 consentaneum
736 1375 786 1436 sit,
812 1373 1012 1439 intelligentes,

214 1445 349 1508 perpetuo
376 1439 406 1490 in
432 1442 557 1504 gravium
584 1447 613 1492 et
641 1439 787 1490 arduarum
820 1442 1014 1502 quaestionum

214 1508 382 1558 tractatione
391 1511 546 1566 versentur3
560 1504 724 1570 exquisitam
734 1501 903 1567 singularum
913 1519 1016 1568 voean

216 1573 443 1640 explicationem,
462 1576 494 1620 ut
511 1569 614 1618 humile
630 1568 758 1631 quiddam
776 1581 865 1630 neque
884 1572 957 1622 eatis
976 1571 1016 1624 di·

216 1653 314 1706 gnum‚
327 1640 355 1689 in
370 1652 423 1704 quo
437 1642 544 1698 tempus
558 1637 713 1690 conterant,
730 1640 778 1682 aut
789 1635 1018 1697 praetermittunt

216 1712 265 1758 aut
281 1705 390 1756 modice
409 1701 556 1761 attingunt.
591 1695 731 1763 Planeque
747 1698 771 1748 si
785 1698 820 1750 ad
835 1713 885 1750 eos
899 1702 1017 1754 audien·

217 1771 269 1824 dns
275 1772 298 1821 ii
306 1774 411 1820 tantum
421 1760 596 1824 accederent,
611 1776 686 1828 quos,
692 1770 847 1830 oporteret,
857 1765 885 1818 id
898 1774 959 1832 est,
968 1770 1017 1836 qui

216 1826 1016 1962 altnaeterrentianus‘ritu

216 1967 301 2033 plius,
317 1976 398 2029 quam
411 1959 486 2027 qnod
498 1961 554 2028 ipsi
567 1964 784 2020 cumulatissime
798 1974 954 2033 praestant,
973 1981 1018 2019 re-
1059 2015 1060 2036 ,

216 2030 382 2148 adteretur.
414 2026 506 2090 Nunc,
529 2030 674 2098 quodegn
694 2048 738 2085 me
756 2035 891 2102 principio
910 2033 1018 2086 iecisse

236 2095 288 2158 ixi,
307 2102 340 2150 ut
355 2095 446 2154 adius
464 2095 631 2152 audiendrun
647 2099 765 2156 aliarum
780 2103 900 2162 omnium
913 2102 1018 2153 artium

214 2163 294 2218 rudis
316 2163 490 2226 accederem,
515 2165 545 2218 in
568 2179 603 2217 ee
624 2180 736 2230 vereor,
763 2183 797 2218 ne
812 2169 905 2219 vetiam
929 2165 1018 2219 hodie
1057 2147 1059 2220 i

216 2245 234 2284 a
262 2230 403 2298 plerisque
433 2239 574 2297 peccetur.
619 2233 749 2300 Cogitavi
779 2235 879 2301 igitur,
911 2235 938 2286 si
965 2248 1020 2301 pro

216 2313 279 2352 mea
300 2297 375 2353 virili
397 2304 475 2364 parte
502 2297 567 2352 hnic
592 2299 768 2353 incommode
796 2300 902 2352 mederi
922 2301 1021 2352 stude·

217 2380 288 2428 rem,
308 2379 396 2431 neque
413 2365 581 2416 invidiosum
595 2366 624 2416 id
641 2365 709 2417 milri
729 2379 818 2433 neque
837 2367 936 2418 inutile
953 2368 1021 2420 eliis

216 2432 288 2485 iore.
322 2431 391 2483 Nam
409 2445 499 2498 neque
518 2431 649 2482 invidiam
668 2430 752 2487 habet
767 2433 865 2495 ullam,
886 2435 964 2500 qnod
985 2437 1021 2488 ab
1056 2417 1057 2502 i

215 2501 279 2552 aliis
299 2499 455 2566 neglectum
475 2497 578 2559 iaceat,
600 2498 630 2548 id
650 2515 770 2564 sumere,
794 2499 870 2551 etin
889 2505 1021 2556 exercitu
1056 2505 1057 2587 i

215 2575 272 2618 nen
292 2571 398 2618 tantum
421 2565 620 2630 imperatorum
645 2571 673 2617 et
694 2567 867 2617 tribunorum
892 2583 925 2619 ac
955 2585 1021 2622 ceu·

215 2635 368 2696 turianum,
388 2629 439 2684 sed
457 2637 485 2684 et
498 2625 688 2702 gregaridrum
707 2633 829 2695 rnilitum,
844 2639 872 2697 et
886 2635 1020 2690 calonum
