2146 3008
383 175 536 237 ounrro
552 175 651 268 xxrr.
868 180 918 234 aaa
941 149 944 164 '

117 289 152 328 ac
167 275 335 352 rancidae,
355 279 508 344 quitatem
529 291 614 346 prope
633 277 752 332 Galliam
770 280 919 346 insepultis

29 406 33 414 1
117 358 232 394 snorum
242 345 405 410 corporibus
417 346 580 408 obruerant,
596 347 729 413 quasique
740 347 917 412 sepelierant,

117 423 235 476 quorum
243 411 298 476 ipsi
309 410 396 476 gladii
408 411 560 465 assuefacti
569 414 741 464 trucidandis
751 412 917 475 insentibus,

117 476 230 528 assidue
246 477 359 528 caedem
374 481 590 547 sanguinemque
608 479 752 542 sitiebant,
771 494 867 544 parum
886 493 916 530 se

117 548 264 594 anteactae
276 545 349 595 vitae
363 559 548 611 responsuros
561 547 729 607 iudicarunt,
745 546 799 596 uisi
812 547 917 612 palmas

116 609 196 672 illas,
213 624 326 675 quarum
339 610 429 663 adhuc
443 612 529 663 cruda
543 619 571 663 et
585 627 683 664 recens
697 613 831 664 memoria
847 619 917 674 erat,

116 675 187 727 novi
200 677 315 728 sceleris
328 680 490 732 accessione
500 680 680 730 cumularent.
714 680 841 746 uigebant
851 679 916 730 illos

115 742 318 807 praecipiteset
326 745 360 794 ad
368 746 533 810 supplicium
540 744 802 811 rapiebantPoenae
811 761 916 808 eorum,

116 821 188 926 puae
199 814 254 859 tam
264 810 351 862 multa
360 810 492 862 adversus
501 811 591 862 Deum
602 819 631 862 et
639 811 766 864 homines
776 814 859 880 impie
869 827 916 864 ue·

130 875 243 940 arieque
254 877 460 936 commiserantr
478 878 513 928 iis
523 877 566 928 illi
576 877 675 943 agitati
685 885 714 928 et
724 895 740 928 a
749 885 841 930 mente
853 894 917 931 con·

117 941 237 1007 silioque
247 942 372 1002 deducti,
382 943 465 992 veriti
474 957 530 994 non
540 950 603 994 sunt
612 944 744 996 adversos
754 945 830 996 illius
840 947 916 1012 regis

45 1019 48 1031 ·
118 1016 201 1074 caput
222 1023 255 1058 ac
267 1009 386 1060 salutem
399 1009 558 1070 coniurare,
573 1023 590 1058 a
604 1023 658 1075 quo
669 1018 738 1074 ¹pont
751 1017 795 1061 tot
809 1012 917 1062 atrocia

117 1073 245 1138 facinora
257 1090 313 1126 nun
326 1075 409 1126 modo
425 1076 533 1126 veniam
542 1075 691 1130 ,consecuti
707 1083 798 1138 erant,
813 1077 863 1128 sed
877 1083 916 1127 et·

117 1144 173 1194 iarn
183 1143 304 1207 benigne
317 1147 347 1191 et
358 1147 482 1193 amanter
496 1141 613 1206 executi.
649 1141 711 1201 Qua
724 1143 916 1194 coniuratione

118 1207 170 1260 sub
180 1209 209 1258 id
222 1209 311 1274 ipsum
324 1214 446 1273 tempus,
461 1207 535 1326 {m
548 1208 683 1274 patrando
697 1208 798 1259 sceleri
813 1209 916 1269 dictum

117 1289 152 1326 ac
171 1277 352 1327 constitutum
372 1280 443 1338 erat,
482 1274 594 1326 trinitus
614 1274 724 1324 detecta
741 1281 824 1340 atquc
840 1280 916 1339 pate·

117 1341 207 1404 iacta,
217 1357 380 1394 corruersum
390 1348 433 1393 est
441 1344 471 1394 in
482 1341 594 1392 iliorum
604 1342 803 1397 sceleratorum
814 1356 848 1390 oc
857 1339 916 1391 foo-
989 1357 991 1368 ·

33 1405 39 1417 ‘
119 1408 321 1475 citragonunr)
335 1410 427 1477 capita
439 1409 481 1471 id,
496 1408 570 1475 quod
582 1408 639 1474 ipsi
648 1409 677 1458 in
690 1421 785 1473 regem
799 1413 827 1458 et
836 1407 865 1456 in
874 1413 916 1457 to·

117 1481 175 1528 tam
185 1490 270 1542 prope
281 1477 391 1528 domum
402 1492 434 1528 ae
445 1477 496 1528 stir
532 1475 672 1542 mregiam
682 1472 917 1524 machinabantur.
998 1474 1001 1478 ’

120 1541 144 1592 0
159 1549 269 1594 noctem
281 1544 359 1594 illam
378 1558 501 1596 memora
520 1543 586 1594 ilem
606 1547 635 1592 ct
653 1543 682 1594 in
696 1539 777 1592 fastis
799 1541 916 1593 eximiae

118 1607 237 1660 alicuius
246 1599 329 1662 notae
340 1611 497 1664 adiectione
508 1609 757 1678 signandumquae
767 1622 918 1674 paucorum

118 1674 315 1727 seditiosorum
324 1679 440 1730 interitu
449 1693 544 1746 regem
559 1693 576 1730 a
588 1676 730 1743 praesenti
742 1675 837 1728 caedis
847 1675 919 1743 peri-

118 1741 197 1804 culo,
223 1757 337 1822 regnum
366 1759 383 1796 a
404 1753 538 1812 perpetua
560 1745 682 1796 civilium
703 1741 840 1795 bellorum
862 1742 918 1793 for·

117 1809 221 1862 midine
249 1810 391 1862 liberavit!
427 1811 489 1871 Qua
516 1812 627 1877 quidem
655 1815 738 1862 nocte
765 1810 862 1862 stelias
890 1823 917 1860 e·

118 1874 229 1941 quidem
263 1877 339 1944 ipsas
375 1875 480 1928 luxisse
512 1877 599 1927 solito
637 1877 752 1929 nitidius
787 1877 916 1938 arbitror,

118 1949 147 1994 et
163 1941 266 1996 flumen
285 1943 440 2012 Sequanam
459 1943 580 1992 maiores
599 1943 686 1994 undas
704 1945 840 2007 volvisse,
861 1958 916 2011 quo

115 2009 199 2062 citios
225 2009 276 2062 illa
299 2011 469 2076 impurorum
488 2005 641 2061 *hominum
674 2009 810 2062 cadavera
840 2010 915 2061 erol-

114 2082 194 2128 reret
214 2083 242 2126 et
261 2081 427 2128 exoneraret
439 2076 469 2127 in
488 2087 573 2126 mare.
608 2073 838 2128 Ofelicissimam
857 2092 915 2128 mu·

114 2141 213 2194 lierem
232 2141 420 2204 Camerinam,
444 2141 520 2207 regis
544 2146 674 2202 matrem,
698 2156 768 2207 quae
789 2145 851 2194 cum
871 2149 915 2195 tot
1000 2169 1002 2174 ·

113 2224 203 2261 annos
231 2210 387 2260 admirabili
414 2207 560 2275 prudentia
584 2204 699 2272 parique
724 2207 913 2262 sollicitudine

113 2291 230 2343 regnum
240 2277 312 2339 filio,
323 2277 410 2328 filiurn
420 2289 506 2343 regno
518 2278 723 2334 conservasset,
736 2278 795 2325 tum
805 2275 913 2328 demum

114 2357 213 2395 secura
230 2351 393 2411 regnantem
412 2343 499 2394 filium
518 2341 639 2410 aspexitl
678 2339 700 2390 0
721 2342 796 2406 regis
811 2341 913 2396 fratrea

114 2411 193 2477 ipsos
204 2425 313 2477 quoque
323 2410 436 2462 beatori
464 2424 580 2476 quorum
590 2408 745 2470 ulterram,
756 2422 811 2476 qua
822 2415 914 2462 aetate

114 2479 202 2531 ceteri
213 2478 258 2528 ris
269 2475 358 2530 adbuc
368 2492 443 2528 arma
453 2483 572 2528 tractare
583 2476 726 2542 incipiunt,
737 2489 770 2524 ea
779 2477 838 2554 ipse
850 2490 914 2542 qoa-

113 2551 157 2598 ter
177 2545 325 2596 conrmisso
341 2544 448 2608 proelio
463 2543 603 2596 fraternos
619 2541 715 2594 hostes
729 2541 862 2608 inegrsset
881 2557 914 2594 aa

114 2626 238 2729 ἀξία.
249 2628 276 2672 da
285 2627 326 2671 off.
334 2625 355 2670 1.
366 2629 399 2670 12
411 2623 432 2680 ᾖ.
442 2628 477 2670 28.
490 2623 713 2684 Paenifoedrfragi.
729 2625 777 2671 cu.
787 2621 916 2674 Gallum.
