2146 3008
360 189 510 244 ORATIO
528 191 593 245 XX.
636 213 638 217 ·
826 199 877 249 211

5 233 7 328 ι
79 307 160 364 quam
179 304 300 360 unquam
313 292 406 344 verius
415 292 503 355 idom,
520 293 594 359 quod
609 293 674 345 olim
684 293 817 362 David*)‚
837 297 877 349 di·

79 376 142 413 cere
153 360 257 426 potuit:
280 357 375 410 Nonne
385 359 431 426 pai
443 360 556 410 oderunt
565 367 603 424 te,
617 359 743 424 Donum,
759 363 876 427 oderam,
941 370 944 374 '

78 436 104 480 et
114 443 193 494 super
203 425 324 476 inimicos
335 433 393 476 tuot
403 425 584 479 tabescebam?
604 426 729 498 Perfecto
743 428 803 480 odio
818 430 877 481 ode-

78 493 214 545 romillot.
233 520 235 524 Δ
248 492 324 559 Ergo
339 507 399 543 cum
415 494 441 544 oi
456 509 553 544 munus
563 495 591 545 in
602 509 651 546 cos
661 487 818 564 inquirendi
828 512 877 562 pu·

78 561 151 612 blice
161 557 319 610 mandatum
329 566 412 622 esset,
421 559 545 626 quasillo
555 568 698 626 potentum
707 563 876 626 inimicitias,

97 643 147 678 uas
165 626 267 688 minas,
293 640 363 691 quae
382 627 518 692 pericula,
547 641 615 694 quas
633 630 707 680 vitae
727 644 759 680 ac
778 631 876 696 cupitis

78 643 273 746 ‘limitationes
292 693 359 752 sibi,
380 693 444 744 dum
457 693 522 745 illos
536 696 627 746 modis
643 697 769 747 omnibus
782 709 877 762 perse·

5 775 6 780 ¹
79 761 185 827 quitur,
206 758 389 824 defugiendas
402 759 522 826 putarit?
540 775 607 825 quas
623 777 677 812 uon
692 764 784 829 potius
801 763 875 814 ultro

78 841 112 878 ac
131 825 231 890 cupide
250 825 384 892 appetiitt
405 841 485 892 quam
504 839 587 894 saepe
601 829 705 880 abillis
724 830 841 895 petitus,
860 843 877 880 a

76 892 140 945 Deo
158 891 324 942 mirabiliter
344 898 467 942 servatus
487 892 545 942 esti
568 899 598 943 ut
612 893 646 944 de
660 909 694 944 eo
708 896 762 946 dici
777 897 876 962 possit,
910 913 914 920 ·

79 957 157 1026 quod
175 957 278 1008 alicubi
297 959 337 1010 ait
350 959 561 1026 Cyprianus*'‘)=
589 957 650 1010 Non
669 959 786 1011 ammam
804 977 874 1014 mar·
920 995 924 1002 ·

78 1025 164 1094 tyrio,
178 1024 225 1074 red
235 1023 394 1092 martyrium
406 1024 495 1076 animo
506 1023 627 1091 defuisse.
665 1025 706 1077 Ob
721 1025 790 1078 haec
799 1033 877 1080 touta
945 1073 949 1086 ,

78 1108 113 1145 ao
122 1099 178 1142 tam
187 1091 363 1158 praeclaram
371 1091 554 1142 Christianam
563 1091 758 1157 rempublicam
767 1095 877 1157 merita,

98 1159 197 1210 rimam
206 1163 314 1208 oreatus
325 1158 478 1226 Episcopus
488 1158 656 1274 Nepesinum
671 1159 770 1210 deinde
780 1174 798 1210 a
806 1159 876 1211 Pau-

78 1176 109 1278 fo
121 1223 167 1276 w.
177 1225 205 1274 in
215 1231 352 1286 restrum·
366 1224 464 1276 Patres
478 1239 538 1290 amp
551 1226 653 1287 issimi,
668 1225 817 1292 collegium
830 1226 877 1276 ad·

81 1292 169 1344 scitus
180 1296 262 1357 atque
273 1297 452 1358 aggregatus,
464 1298 566 1359 quanta
575 1307 635 1342 oum
646 1292 779 1359 dignitate
790 1292 878 1358 digni·

5 1391 6 1396 =
80 1363 168 1410 tatem
183 1358 259 1408 illam
279 1359 456 1418 sustinuerit,
477 1359 543 1426 quid
559 1374 628 1426 opus
645 1366 701 1420 est,
715 1360 879 1425 praesertim

82 1423 156 1490 apud
165 1438 214 1474 vos
226 1429 366 1490 agentem,
380 1426 504 1491 pluribus
515 1426 605 1477 verbis
617 1425 771 1493 exponeret
789 1425 879 1485 Quan-

80 1497 142 1543 tum
160 1491 187 1540 ei
199 1491 362 1557 prudentiae
377 1498 406 1543 et
420 1493 552 1543 acuminis
566 1493 600 1544 ad
614 1493 733 1544 videnda
747 1507 791 1553 ea,
808 1505 879 1557 quae

81 1571 150 1609 vera
163 1563 191 1607 et
206 1563 283 1608 recta
296 1565 401 1621 essent,
414 1566 543 1626 quantum
558 1560 640 1612 animi
654 1567 682 1611 et
694 1558 831 1610 libertatis
844 1557 881 1609 ad

84 1623 181 1676 eadem
191 1622 370 1690 proferenda,
385 1632 513 1692 quantum
525 1628 700 1678 auctoritatis
711 1626 746 1677 ad
757 1626 880 1676 obtinen-

83 1691 121 1742 da
131 1705 239 1756 semper
249 1690 315 1741 tritt
333 1690 408 1744 Nihil
419 1709 537 1760 unquam
547 1694 595 1746 ille
605 1695 634 1744 io
646 1693 763 1745 dicenda
772 1699 880 1744 senten·

81 1759 124 1809 tia
137 1763 185 1808 aut
196 1758 283 1816 metui
296 1763 344 1808 aut
358 1761 463 1826 gratiae
479 1760 568 1824 dodit;
589 1776 726 1828 nunquam
740 1761 776 1810 ad
791 1761 881 1810 cuius·

83 1837 165 1890 quam
187 1823 357 1875 voluntatem
380 1826 533 1877 orationem
553 1843 630 1876 suam
649 1827 879 1888 accommodavit3

82 1905 221 1956 nunquam
237 1891 384 1958 quidquam
397 1892 515 1942 veritate
529 1894 605 1956 prius
620 1901 667 1944 aut
681 1895 818 1960 antiquius
834 1891 881 1942 lto·

81 1957 153 2008 buit.
188 1957 283 2023 ltaque
295 1959 379 2024 vulgo
394 1958 476 2008 etiam
492 1958 632 2020 dicebant,
647 1959 717 2009 nihil
730 1959 764 2010 ab
775 1975 809 2010 eo
818 1973 880 2025 pre·

81 2022 163 2074 cibus
174 2024 231 2090 peti
242 2029 386 2090 oportere:
404 2037 502 2092 preces
515 2024 586 2076 euim
595 2025 667 2088 apud
677 2039 738 2076 eum
747 2041 835 2091 neque
846 2027 880 2076 ad

80 2092 157 2142 iusta
170 2090 344 2156 impetranda
361 2092 533 2142 necessarias
549 2104 612 2140 esse
626 2103 716 2156 neque
730 2091 764 2142 ed
778 2092 883 2142 iniusta

82 2157 276 2223 extorquenda
285 2159 419 2208 efficaces.
452 2157 533 2218 Quod
544 2159 568 2207 si
579 2155 687 2222 quidam
699 2171 733 2208 ex
743 2158 882 2216 veteribus

81 2223 216 2277 Romanis
227 2237 260 2274 eo
271 2225 383 2274 nomine
392 2223 461 2276 felix
471 2223 580 2274 habitus
592 2229 649 2283 ast,
661 2224 735 2288 quod
746 2223 779 2274 ab
791 2238 824 2274 eo
836 2237 882 2274 ne·

38 2335 41 2340 .
81 2303 131 2342 mo
144 2290 229 2340 ullam
242 2303 299 2340 rem
313 2291 465 2356 improbam
478 2297 573 2358 petere
588 2289 714 2341 auderet:
732 2290 798 2356 quid
811 2287 883 2342 hune

82 2355 218 2418 dicemus,
229 2371 309 2423 quem
321 2372 425 2419 omnes,
437 2359 482 2424 qui
493 2358 559 2424 quid
569 2356 683 2424 petituri
691 2363 777 2417 erant,
788 2356 817 2406 iu
827 2370 881 2420 quo

81 2422 128 2474 rel
139 2423 280 2474 minimum
290 2425 467 2489 turpitudinis
477 2424 591 2488 inesset,
600 2430 730 2491 tauquam
739 2421 882 2490 scoprdum

84 2489 424 2558 quendamrelugicbamt

122 2589 143 2644 ¹⁸)
159 2587 244 2633 Pralm.
254 2590 303 2631 1³8.
312 2603 345 2633 vs.
355 2593 389 2632 2⁰.
401 2601 434 2643 sq.
530 2587 533 2594 ⁴

113 2645 145 2698 ¹¹¹)
161 2643 214 2687 Nou
228 2645 288 2686 enim
303 2646 353 2700 ipsa
369 2646 498 2697 tormentis,
515 2647 560 2693 sed
568 2649 680 2692 tumente
692 2647 739 2704 ipsi
758 2643 883 2690 doluerunt·

86 2699 229 2798 cyprian-(in
239 2711 274 2754 ep.
284 2701 319 2784 tl.
524 2711 528 2722 “
631 2760 653 2810 0
664 2761 680 2810 ἲ
