2146 3008
362 108 514 164 oli-arlo
531 107 630 162 xvir.
847 107 897 161 183

90 227 177 268 rueme
191 225 311 280 uuquam
323 210 423 263 melius
436 216 484 262 aut
493 207 646 281 perfectius
659 207 783 260 tradidit.
818 207 897 260 Mun·

91 283 193 334 ditium
203 280 313 347 quidem
328 278 464 329 sermonis
477 277 570 327 nonin
585 276 690 326 artibus
703 275 786 326 mo'do
797 275 898 326 decen·

92 349 153 411 dis,
174 348 225 399 sed
240 345 361 397 etiamin
375 343 571 412 congressibus
587 349 616 393 et
626 343 654 392 in
664 340 797 393 familiari
810 342 903 392 collo-¹

92 415 161 482 quio
173 413 207 464 ab
218 412 344 464 omnibus
354 412 483 478 ingenuis
492 418 520 461 et
529 409 623 476 paullo
634 408 777 460 liberalius
787 409 897 463 institu-

90 483 131 532 tis
143 478 300 536 hominibus
311 479 504 544 requirendam
514 483 590 542 puto.
622 474 685 526 Non
696 490 831 542 gemmas,
841 487 898 528 non

92 561 204 608 aurum,
216 561 272 596 non
283 545 449 596 emblemata
458 543 583 611 requiro;
597 541 729 594 fictilibus
740 557 829 608 aequo
840 541 897 592 ani·

92 629 140 664 mo
152 626 271 664 coenare
280 626 403 678 possum,
413 610 576 678 praesertim
588 609 612 659 si
622 607 719 677 epulae
730 609 794 672 sint,
805 615 836 660 ut
846 608 898 669 ais,

94 679 261 745 exquisitae.
298 677 354 730 Sed
363 677 413 728 illa
422 679 483 746 ipsa
493 677 591 728 fictilia
604 684 679 726 tersa
693 677 765 738 sint,v
780 676 897 736 niteant,
975 692 979 696 -

94 746 311 813 appetentiam)
329 745 422 811 potius
434 759 514 810 quam
524 743 657 794 venriurm
672 743 821 794 concitent.
856 742 898 792 Aa

93 819 126 863 tu
136 812 341 870 convivatorcm
353 809 441 872 ieras,
456 810 503 875 qui
514 809 665 875 quamlibet
675 806 767 860 lautos
778 808 856 860 cibos
867 810 897 860 in

93 879 170 929 vasis
181 893 269 930 coeno
281 892 313 928 ae
321 877 380 927 luto
391 875 581 940 compareatis
592 876 727 942 apponat?
743 875 813 928 Nam
822 869 898 942 quod

94 945 182 1006 aiunt,
194 943 304 998 facilius
315 941 437 1008 intelligi
448 956 518 1008 quae
526 943 568 993 ita
578 939 713 1004 dicuntur,
725 944 808 994 oredo
820 941 897 1008 equi·

95 1011 168 1073 dem,
180 1010 233 1063 boc
244 1011 316 1060 inter
325 1009 402 1072 ipsos
412 1021 507 1058 verum
519 1019 593 1057 esse:
610 1006 686 1056 balbi
701 1008 774 1058 enim
787 1007 899 1070 balbos,

94 1084 127 1128 ut
139 1083 184 1136 ,est
196 1077 227 1126 in
239 1073 400 1140 proverbio,
417 1073 516 1124 melius
530 1071 745 1137 intelligunt**).
779 1073 898 1140 ingenui
937 1089 940 1098 ¹
971 1077 974 1083 '

96 1145 209 1213 quidem
216 1139 897 1202 adolescentesincideronis‚caesaris,Plauti‚Te·

95 1212 181 1262 rentii
191 1215 221 1260 et
230 1207 360 1259 similium
371 1207 451 1259 libris
463 1207 609 1259 exercitati
619 1205 773 1258 etLatinae
782 1207 896 1282 linguae

93 1269 298 1334 intelligentes,
312 1281 401 1316 novos
415 1268 468 1317 sibi
482 1268 516 1319 de
529 1268 677 1320 verborum
689 1271 895 1340 significatione

94 1333 309 1388 commentarios
319 1334 483 1400 conquirant
491 1340 610 1403 oportet,
619 1351 679 1388 cum
688 1336 896 1388 accessurisunt

95 1401 213 1454 adillas
232 1397 498 1466 mirobarbarm***)
519 1403 673 1454 cantiones.
706 1401 802 1472 Neque
823 1403 896 1456 enim

95 1485 150 1520 una
161 1467 258 1519 saltem
270 1465 365 1534 lingua
375 1473 430 1530 est,
442 1484 495 1536 qua
504 1469 666 1537 loquuntur,
677 1469 728 1521 sed
736 1469 896 1521 teterrimus

96 1535 206 1602 quidam
219 1535 315 1604 cinnas
325 1549 370 1597 ⁴en
383 1531 547 1588 foedissima
559 1535 751 1600 barbararum,
770 1531 895 1604 ¹peregri·

96 1616 200 1663 narum,
211 1601 394 1652 inauditarum
404 1618 500 1654 vocum
513 1603 682 1668 colluvione,
694 1605 786 1669 olens,
796 1610 827 1656 ut
838 1619 899 1656 ser·

95 1685 144 1720 rus
153 1668 202 1720 ille
211 1667 391 1732 Plautinus†)
400 1670 447 1732 ait,
459 1671 563 1734 allium,
571 1669 685 1736 hircum,
695 1670 797 1735 haram,
807 1687 895 1735 suem,

96 1749 203 1797 canem,
214 1749 322 1801 capram
335 1737 518 1788 commistam:
533 1745 564 1790 ut
574 1739 803 1807 quemadmodum
814 1740 895 1802 odor,

96 1801 143 1868 qui
157 1817 192 1854 et
204 1803 311 1852 Averno
327 1800 483 1865 afflabatur,
494 1807 704 1872 supervolantes
718 1823 783 1860 oves
793 1821 897 1858 necare

96 1867 195 1919 solitus
210 1869 323 1930 dicitur,
336 1869 377 1918 ita
389 1867 459 1918 illud
474 1883 537 1934 pus,
550 1871 600 1922 illa
613 1877 705 1926 sanies
710 1911 718 1938 ‚
733 1873 802 1926 illud
818 1876 894 1925 virus

97 1933 201 2000 optima
209 1935 452 2002 quaequeingenia
460 1937 606 1987 exanimet.
629 1939 690 2006 Eg‘o
699 1940 808 2006 quidem
818 1947 897 1992 terte

95 2001 197 2052 multos
209 2002 273 2054 nori
285 2001 388 2068 optimo
400 2000 593 2058 adolescentes
608 2010 637 2054 et
646 2007 806 2058 acutissimo
818 2011 895 2075 inge·

94 2069 141 2120 nio
150 2063 301 2135 praeditos,
310 2069 354 2135 qui
364 2084 425 2134 cum
432 2069 460 2118 in
471 2069 533 2118 aliis
542 2068 695 2136 disciplinis
704 2075 849 2124 exercitati
859 2071 895 2126 ad

95 2141 181 2186 artem
190 2135 294 2186 seiuris
302 2136 488 2202 accingerent,
495 2135 591 2186 talium
598 2138 894 2203 magistrorumincou·

83 2200 778 2270 ‘ditavoeeperterreiactlrefugerunt,retulerunt
785 2207 894 2273 pedem,

139 2331 161 2386 ε)
178 2299 464 2387 cuissiacen.
951 2382 957 2386 ⁶

93 2389 168 2487 „⁰¹3¹
170 2386 262 2486 {3:115ae
271 2389 351 2488 ἲεὶἰω
359 2389 423 2434 talos·
429 2391 498 2434 verba
508 2389 633 2447 cognoscit.
657 2391 808 2444 Hieronymus
818 2404 854 2447 ep.
864 2393 892 2435 ad

92 2500 348 2608 luffifflpsffswsg,
362 2501 572 2554 mixtusbarbarie,
587 2501 602 2547 i.
612 2516 633 2547 e.
642 2502 815 2547 semibarbarus.
829 2499 886 2546 Suet

128 2610 157 2666 †)
173 2606 297 2654 mostellar.
306 2609 327 2654 1.
339 2615 357 2655 1.
368 2615 404 2656 ⁴0.
456 2601 459 2605 ’
