<?xml version="1.0" encoding="UTF-8"?>
<!DOCTYPE html PUBLIC "-//W3C//DTD XHTML 1.0 Transitional//EN"
    "http://www.w3.org/TR/xhtml1/DTD/xhtml1-transitional.dtd">
<html xmlns="http://www.w3.org/1999/xhtml" xml:lang="en" lang="en">
 <head>
  <title>
</title>
<meta http-equiv="Content-Type" content="text/html;charset=utf-8" />
  <meta name='ocr-system' content='tesseract 3.04.00' />
  <meta name='ocr-capabilities' content='ocr_page ocr_carea ocr_par ocr_line ocrx_word'/>
</head>
<body>
  <div class='ocr_page' id='page_1' title='image "./mantoniimuretie00muregoog_0041.png"; bbox 0 0 2154 3002; ppageno 0'>
   <div class='ocr_carea' id='block_1_1' title="bbox 187 185 761 250">
    <p class='ocr_par' dir='ltr' id='par_1_1' title="bbox 187 185 761 250">
     <span class='ocr_line' id='line_1_1' title="bbox 187 185 761 250; baseline -0.007 0"><span class='ocrx_word' id='word_1_1' title='bbox 187 199 219 250; x_wconf 79' lang='lat'><strong>18</strong></span> <span class='ocrx_word' id='word_1_2' title='bbox 477 196 627 250; x_wconf 70' lang='lat' dir='ltr'><strong>orituro</strong></span> <span class='ocrx_word' id='word_1_3' title='bbox 645 195 682 248; x_wconf 74' lang='lat'><strong>11,</strong></span> <span class='ocrx_word' id='word_1_4' title='bbox 757 185 761 194; x_wconf 66' lang='grc'><strong>’</strong></span> 
     </span>
    </p>
   </div>
   <div class='ocr_carea' id='block_1_2' title="bbox 110 285 1029 612">
    <p class='ocr_par' dir='ltr' id='par_1_2' title="bbox 110 285 1029 612">
     <span class='ocr_line' id='line_1_2' title="bbox 110 285 983 366; baseline 0 -16"><span class='ocrx_word' id='word_1_5' title='bbox 110 332 118 350; x_wconf 51' lang='lat' dir='ltr'><strong>t</strong></span> <span class='ocrx_word' id='word_1_6' title='bbox 186 299 338 366; x_wconf 77' lang='lat' dir='ltr'><strong>mitesque</strong></span> <span class='ocrx_word' id='word_1_7' title='bbox 351 297 438 349; x_wconf 86' lang='lat' dir='ltr'><strong>ceteri</strong></span> <span class='ocrx_word' id='word_1_8' title='bbox 448 298 522 363; x_wconf 72' lang='lat' dir='ltr'><strong>cives</strong></span> <span class='ocrx_word' id='word_1_9' title='bbox 533 295 715 357; x_wconf 87' lang='lat' dir='ltr'><strong>ornatissimi,</strong></span> <span class='ocrx_word' id='word_1_10' title='bbox 729 309 764 346; x_wconf 90' lang='lat' dir='ltr'><strong>ea</strong></span> <span class='ocrx_word' id='word_1_11' title='bbox 777 295 844 348; x_wconf 86' lang='lat' dir='ltr'><strong>mihi</strong></span> <span class='ocrx_word' id='word_1_12' title='bbox 856 311 920 350; x_wconf 87' lang='lat' dir='ltr'><strong>sese</strong></span> <span class='ocrx_word' id='word_1_13' title='bbox 930 285 983 350; x_wconf 52' lang='lat' dir='ltr'><strong>ho?</strong></span> 
     </span>
     <span class='ocr_line' id='line_1_3' title="bbox 187 361 1029 418; baseline 0 -2"><span class='ocrx_word' id='word_1_14' title='bbox 187 365 283 418; x_wconf 88' lang='lat' dir='ltr'><strong>diemo</strong></span> <span class='ocrx_word' id='word_1_15' title='bbox 295 365 340 416; x_wconf 85' lang='lat' dir='ltr'><strong>die</strong></span> <span class='ocrx_word' id='word_1_16' title='bbox 359 364 494 416; x_wconf 87' lang='lat' dir='ltr'><strong>obiiciunt</strong></span> <span class='ocrx_word' id='word_1_17' title='bbox 506 363 644 413; x_wconf 70' lang='lat' dir='ltr'><strong>universe</strong></span> <span class='ocrx_word' id='word_1_18' title='bbox 681 361 745 414; x_wconf 79' lang='lat' dir='ltr'><strong>Siue</strong></span> <span class='ocrx_word' id='word_1_19' title='bbox 759 363 832 414; x_wconf 90' lang='lat' dir='ltr'><strong>euim</strong></span> <span class='ocrx_word' id='word_1_20' title='bbox 849 362 905 416; x_wconf 87' lang='lat' dir='ltr'><strong>ioci</strong></span> <span class='ocrx_word' id='word_1_21' title='bbox 923 378 979 416; x_wconf 78' lang='lat' dir='ltr'><strong>am-</strong></span> <span class='ocrx_word' id='word_1_22' title='bbox 1017 377 1029 390; x_wconf 52' lang='lat'><strong>⁸</strong></span> 
     </span>
     <span class='ocr_line' id='line_1_4' title="bbox 185 426 979 498; baseline 0.003 -18"><span class='ocrx_word' id='word_1_23' title='bbox 185 431 293 498; x_wconf 86' lang='lat' dir='ltr'><strong>plitudo</strong></span> <span class='ocrx_word' id='word_1_24' title='bbox 304 429 404 480; x_wconf 84' lang='lat' dir='ltr'><strong>afferre</strong></span> <span class='ocrx_word' id='word_1_25' title='bbox 414 427 631 494; x_wconf 67' lang='lat' dir='ltr'><strong>perturbationis</strong></span> <span class='ocrx_word' id='word_1_26' title='bbox 645 426 749 494; x_wconf 86' lang='lat' dir='ltr'><strong>aliquid</strong></span> <span class='ocrx_word' id='word_1_27' title='bbox 765 434 872 495; x_wconf 88' lang='lat' dir='ltr'><strong>potest,</strong></span> <span class='ocrx_word' id='word_1_28' title='bbox 889 429 979 482; x_wconf 86' lang='lat' dir='ltr'><strong>Vene-</strong></span> 
     </span>
     <span class='ocr_line' id='line_1_5' title="bbox 187 494 979 612; baseline -0.001 -63"><span class='ocrx_word' id='word_1_29' title='bbox 187 497 233 549; x_wconf 89' lang='lat' dir='ltr'><strong>tiis</strong></span> <span class='ocrx_word' id='word_1_30' title='bbox 245 496 373 557; x_wconf 77' lang='lat' dir='ltr'><strong>dicimus3</strong></span> <span class='ocrx_word' id='word_1_31' title='bbox 391 497 449 546; x_wconf 82' lang='lat' dir='ltr'><strong>sive</strong></span> <span class='ocrx_word' id='word_1_32' title='bbox 459 494 629 554; x_wconf 85' lang='lat' dir='ltr'><strong>audientium</strong></span> <span class='ocrx_word' id='word_1_33' title='bbox 640 494 877 612; x_wconf 42' lang='lat' dir='ltr'><strong>dignitanmagna</strong></span> <span class='ocrx_word' id='word_1_34' title='bbox 885 495 979 548; x_wconf 80' lang='lat' dir='ltr'><strong>lentis·</strong></span> 
     </span>
    </p>
   </div>
   <div class='ocr_carea' id='block_1_3' title="bbox 123 559 1076 2484">
    <p class='ocr_par' dir='ltr' id='par_1_3' title="bbox 188 559 979 636">
     <span class='ocr_line' id='line_1_6' title="bbox 188 559 979 636; baseline 0 -22"><span class='ocrx_word' id='word_1_35' title='bbox 188 563 318 636; x_wconf 74' lang='lat' dir='ltr'><strong>simprum</strong></span> <span class='ocrx_word' id='word_1_36' title='bbox 343 559 482 621; x_wconf 85' lang='lat' dir='ltr'><strong>hominum</strong></span> <span class='ocrx_word' id='word_1_37' title='bbox 509 561 637 612; x_wconf 74' lang='lat' dir='ltr'><strong>adstante</strong></span> <span class='ocrx_word' id='word_1_38' title='bbox 680 563 824 627; x_wconf 73' lang='lat' dir='ltr'><strong>sequentia</strong></span> <span class='ocrx_word' id='word_1_39' title='bbox 849 561 979 624; x_wconf 83' lang='lat' dir='ltr'><strong>dicimus;</strong></span> 
     </span>
    </p>

    <p class='ocr_par' dir='ltr' id='par_1_4' title="bbox 187 627 977 762">
     <span class='ocr_line' id='line_1_7' title="bbox 187 627 977 696; baseline 0 -18"><span class='ocrx_word' id='word_1_40' title='bbox 187 629 246 679; x_wconf 89' lang='lat' dir='ltr'><strong>sive</strong></span> <span class='ocrx_word' id='word_1_41' title='bbox 260 629 321 696; x_wconf 81' lang='lat' dir='ltr'><strong>ipse</strong></span> <span class='ocrx_word' id='word_1_42' title='bbox 334 628 468 678; x_wconf 85' lang='lat' dir='ltr'><strong>orationis</strong></span> <span class='ocrx_word' id='word_1_43' title='bbox 481 628 598 678; x_wconf 83' lang='lat' dir='ltr'><strong>materia</strong></span> <span class='ocrx_word' id='word_1_44' title='bbox 612 627 776 694; x_wconf 85' lang='lat' dir='ltr'><strong>dicendique</strong></span> <span class='ocrx_word' id='word_1_45' title='bbox 790 628 926 690; x_wconf 84' lang='lat' dir='ltr'><strong>conditio,</strong></span> <span class='ocrx_word' id='word_1_46' title='bbox 938 630 977 680; x_wconf 89' lang='lat' dir='ltr'><strong>itu</strong></span> 
     </span>
     <span class='ocr_line' id='line_1_8' title="bbox 188 692 977 762; baseline 0.001 -18"><span class='ocrx_word' id='word_1_47' title='bbox 188 694 315 755; x_wconf 79' lang='lat' dir='ltr'>dicimus,</span> <span class='ocrx_word' id='word_1_48' title='bbox 339 699 370 744; x_wconf 88' lang='lat' dir='ltr'><strong>ut</strong></span> <span class='ocrx_word' id='word_1_49' title='bbox 388 694 425 744; x_wconf 83' lang='lat' dir='ltr'><strong>sit</strong></span> <span class='ocrx_word' id='word_1_50' title='bbox 444 693 524 744; x_wconf 81' lang='lat' dir='ltr'><strong>nobis</strong></span> <span class='ocrx_word' id='word_1_51' title='bbox 543 693 641 744; x_wconf 88' lang='lat' dir='ltr'><strong>eodem</strong></span> <span class='ocrx_word' id='word_1_52' title='bbox 656 701 780 760; x_wconf 76' lang='lat' dir='ltr'><strong>tempore</strong></span> <span class='ocrx_word' id='word_1_53' title='bbox 801 692 836 744; x_wconf 83' lang='lat' dir='ltr'><strong>de</strong></span> <span class='ocrx_word' id='word_1_54' title='bbox 854 694 977 762; x_wconf 81' lang='lat' dir='ltr'><strong>ingenio,</strong></span> 
     </span>
    </p>

    <p class='ocr_par' dir='ltr' id='par_1_5' title="bbox 188 758 977 826">
     <span class='ocr_line' id='line_1_9' title="bbox 188 758 977 826; baseline -0.003 -14"><span class='ocrx_word' id='word_1_55' title='bbox 188 759 223 812; x_wconf 89' lang='lat' dir='ltr'><strong>de</strong></span> <span class='ocrx_word' id='word_1_56' title='bbox 253 759 388 824; x_wconf 83' lang='lat' dir='ltr'><strong>doctrina,</strong></span> <span class='ocrx_word' id='word_1_57' title='bbox 417 758 451 811; x_wconf 88' lang='lat' dir='ltr'><strong>de</strong></span> <span class='ocrx_word' id='word_1_58' title='bbox 483 759 574 826; x_wconf 81' lang='lat' dir='ltr'><strong>gioria</strong></span> <span class='ocrx_word' id='word_1_59' title='bbox 600 761 823 826; x_wconf 77' lang='lat' dir='ltr'><strong>ornamentisque</strong></span> <span class='ocrx_word' id='word_1_60' title='bbox 852 760 977 810; x_wconf 82' lang='lat' dir='ltr'><strong>omnibus</strong></span> 
     </span>
    </p>

    <p class='ocr_par' dir='ltr' id='par_1_6' title="bbox 187 825 977 962">
     <span class='ocr_line' id='line_1_10' title="bbox 187 825 977 892; baseline 0.003 -14"><span class='ocrx_word' id='word_1_61' title='bbox 187 829 216 878; x_wconf 92' lang='lat' dir='ltr'><strong>in</strong></span> <span class='ocrx_word' id='word_1_62' title='bbox 248 825 302 876; x_wconf 89' lang='lat' dir='ltr'><strong>hoe</strong></span> <span class='ocrx_word' id='word_1_63' title='bbox 338 825 493 878; x_wconf 82' lang='lat' dir='ltr'><strong>litterarum</strong></span> <span class='ocrx_word' id='word_1_64' title='bbox 526 827 676 877; x_wconf 83' lang='lat' dir='ltr'><strong>eertamine</strong></span> <span class='ocrx_word' id='word_1_65' title='bbox 715 826 977 892; x_wconf 75' lang='lat' dir='ltr'><strong>pe1·ielitandun*).</strong></span> 
     </span>
     <span class='ocr_line' id='line_1_11' title="bbox 187 891 977 962; baseline 0.003 -18"><span class='ocrx_word' id='word_1_66' title='bbox 187 892 314 944; x_wconf 77' lang='lat' dir='ltr'><strong>venetiis</strong></span> <span class='ocrx_word' id='word_1_67' title='bbox 325 891 430 952; x_wconf 86' lang='lat' dir='ltr'><strong>dicere,</strong></span> <span class='ocrx_word' id='word_1_68' title='bbox 451 892 475 942; x_wconf 87' lang='lat' dir='ltr'><strong>si</strong></span> <span class='ocrx_word' id='word_1_69' title='bbox 489 892 631 959; x_wconf 88' lang='lat' dir='ltr'><strong>quisquam</strong></span> <span class='ocrx_word' id='word_1_70' title='bbox 647 898 704 954; x_wconf 89' lang='lat' dir='ltr'><strong>est,</strong></span> <span class='ocrx_word' id='word_1_71' title='bbox 717 895 764 960; x_wconf 88' lang='lat' dir='ltr'><strong>qui</strong></span> <span class='ocrx_word' id='word_1_72' title='bbox 776 907 872 960; x_wconf 84' lang='lat' dir='ltr'><strong>parum</strong></span> <span class='ocrx_word' id='word_1_73' title='bbox 891 899 977 962; x_wconf 85' lang='lat' dir='ltr'><strong>putet,</strong></span> 
     </span>
    </p>

    <p class='ocr_par' dir='ltr' id='par_1_7' title="bbox 188 959 977 1026">
     <span class='ocr_line' id='line_1_12' title="bbox 188 959 977 1026; baseline 0 -16"><span class='ocrx_word' id='word_1_74' title='bbox 188 973 250 1010; x_wconf 85' lang='lat' dir='ltr'><strong>eum</strong></span> <span class='ocrx_word' id='word_1_75' title='bbox 268 972 383 1026; x_wconf 85' lang='lat' dir='ltr'><strong>neeesse</strong></span> <span class='ocrx_word' id='word_1_76' title='bbox 402 964 446 1010; x_wconf 84' lang='lat' dir='ltr'><strong>est</strong></span> <span class='ocrx_word' id='word_1_77' title='bbox 463 959 491 1019; x_wconf 83' lang='lat' dir='ltr'><strong>in</strong></span> <span class='ocrx_word' id='word_1_78' title='bbox 505 961 685 1020; x_wconf 78' lang='lat' dir='ltr'><strong>maximarum</strong></span> <span class='ocrx_word' id='word_1_79' title='bbox 699 959 900 1026; x_wconf 86' lang='lat' dir='ltr'><strong>earundemque</strong></span> <span class='ocrx_word' id='word_1_80' title='bbox 915 966 977 1012; x_wconf 89' lang='lat' dir='ltr'><strong>toto</strong></span> 
     </span>
    </p>

    <p class='ocr_par' dir='ltr' id='par_1_8' title="bbox 181 1022 1020 1159">
     <span class='ocr_line' id='line_1_13' title="bbox 181 1022 1020 1093; baseline 0.002 -17"><span class='ocrx_word' id='word_1_81' title='bbox 181 1022 255 1076; x_wconf 84' lang='lat' dir='ltr'><strong>&#39;orbe</strong></span> <span class='ocrx_word' id='word_1_82' title='bbox 275 1024 480 1077; x_wconf 84' lang='lat' dir='ltr'><strong>notissimarum</strong></span> <span class='ocrx_word' id='word_1_83' title='bbox 498 1039 590 1078; x_wconf 88' lang='lat' dir='ltr'><strong>rerum</strong></span> <span class='ocrx_word' id='word_1_84' title='bbox 612 1026 788 1093; x_wconf 74' lang='lat' dir='ltr'><strong>ignoratione</strong></span> <span class='ocrx_word' id='word_1_85' title='bbox 812 1027 976 1090; x_wconf 67' lang='lat' dir='ltr'><strong>versan**)n</strong></span> <span class='ocrx_word' id='word_1_86' title='bbox 1017 1051 1020 1056; x_wconf 92' lang='lat'>·</span> 
     </span>
     <span class='ocr_line' id='line_1_14' title="bbox 186 1089 978 1159; baseline 0 -17"><span class='ocrx_word' id='word_1_87' title='bbox 186 1089 289 1159; x_wconf 82' lang='lat' dir='ltr'><strong>Ecquis</strong></span> <span class='ocrx_word' id='word_1_88' title='bbox 299 1089 373 1143; x_wconf 90' lang='lat' dir='ltr'><strong>enim</strong></span> <span class='ocrx_word' id='word_1_89' title='bbox 383 1099 425 1142; x_wconf 89' lang='lat' dir='ltr'><strong>est</strong></span> <span class='ocrx_word' id='word_1_90' title='bbox 435 1089 518 1143; x_wconf 87' lang='lat' dir='ltr'><strong>hodie</strong></span> <span class='ocrx_word' id='word_1_91' title='bbox 532 1097 588 1143; x_wconf 90' lang='lat' dir='ltr'><strong>tam</strong></span> <span class='ocrx_word' id='word_1_92' title='bbox 602 1091 774 1154; x_wconf 85' lang='lat' dir='ltr'><strong>inaccessus,</strong></span> <span class='ocrx_word' id='word_1_93' title='bbox 788 1097 844 1142; x_wconf 86' lang='lat' dir='ltr'><strong>tam</strong></span> <span class='ocrx_word' id='word_1_94' title='bbox 854 1090 888 1142; x_wconf 86' lang='lat' dir='ltr'><strong>ab</strong></span> <span class='ocrx_word' id='word_1_95' title='bbox 903 1093 978 1142; x_wconf 90' lang='lat' dir='ltr'><strong>omui</strong></span> 
     </span>
    </p>

    <p class='ocr_par' dir='ltr' id='par_1_9' title="bbox 167 1155 977 1224">
     <span class='ocr_line' id='line_1_15' title="bbox 167 1155 977 1224; baseline -0.001 -15"><span class='ocrx_word' id='word_1_96' title='bbox 167 1157 176 1195; x_wconf 58' lang='lat' dir='ltr'>V</span> <span class='ocrx_word' id='word_1_97' title='bbox 186 1155 326 1212; x_wconf 87' lang='lat' dir='ltr'><strong>hominum</strong></span> <span class='ocrx_word' id='word_1_98' title='bbox 336 1159 478 1210; x_wconf 86' lang='lat' dir='ltr'><strong>consortio</strong></span> <span class='ocrx_word' id='word_1_99' title='bbox 489 1163 611 1212; x_wconf 84' lang='lat' dir='ltr'><strong>remotus</strong></span> <span class='ocrx_word' id='word_1_100' title='bbox 621 1159 742 1210; x_wconf 84' lang='lat' dir='ltr'><strong>interris</strong></span> <span class='ocrx_word' id='word_1_101' title='bbox 752 1157 843 1218; x_wconf 89' lang='lat' dir='ltr'><strong>loeus,</strong></span> <span class='ocrx_word' id='word_1_102' title='bbox 857 1172 912 1224; x_wconf 87' lang='lat' dir='ltr'><strong>quo</strong></span> <span class='ocrx_word' id='word_1_103' title='bbox 922 1172 977 1208; x_wconf 91' lang='lat' dir='ltr'><strong>non</strong></span> 
     </span>
    </p>

    <p class='ocr_par' dir='ltr' id='par_1_10' title="bbox 186 1221 979 1292">
     <span class='ocr_line' id='line_1_16' title="bbox 186 1221 979 1292; baseline -0.003 -16"><span class='ocrx_word' id='word_1_104' title='bbox 186 1221 267 1278; x_wconf 87' lang='lat' dir='ltr'><strong>huius</strong></span> <span class='ocrx_word' id='word_1_105' title='bbox 287 1223 543 1292; x_wconf 78' lang='lat' dir='ltr'><strong>praestantissimae</strong></span> <span class='ocrx_word' id='word_1_106' title='bbox 567 1225 687 1276; x_wconf 82' lang='lat' dir='ltr'><strong>civitatis</strong></span> <span class='ocrx_word' id='word_1_107' title='bbox 710 1223 785 1276; x_wconf 78' lang='lat' dir='ltr'><strong>fama</strong></span> <span class='ocrx_word' id='word_1_108' title='bbox 811 1224 979 1292; x_wconf 69' lang='lat' dir='ltr'><strong>perveseriti</strong></span> 
     </span>
    </p>

    <p class='ocr_par' dir='ltr' id='par_1_11' title="bbox 187 1286 979 1360">
     <span class='ocr_line' id='line_1_17' title="bbox 187 1286 979 1360; baseline -0.001 -19"><span class='ocrx_word' id='word_1_109' title='bbox 187 1293 247 1358; x_wconf 88' lang='lat' dir='ltr'><strong>quis</strong></span> <span class='ocrx_word' id='word_1_110' title='bbox 262 1286 394 1360; x_wconf 84' lang='lat' dir='ltr'><strong>populus,</strong></span> <span class='ocrx_word' id='word_1_111' title='bbox 414 1307 484 1359; x_wconf 84' lang='lat' dir='ltr'><strong>quae</strong></span> <span class='ocrx_word' id='word_1_112' title='bbox 500 1307 581 1358; x_wconf 82' lang='lat' dir='ltr'><strong>gens,</strong></span> <span class='ocrx_word' id='word_1_113' title='bbox 599 1305 669 1356; x_wconf 87' lang='lat' dir='ltr'><strong>quae</strong></span> <span class='ocrx_word' id='word_1_114' title='bbox 688 1287 829 1344; x_wconf 87' lang='lat' dir='ltr'><strong>hominum</strong></span> <span class='ocrx_word' id='word_1_115' title='bbox 844 1291 919 1343; x_wconf 87' lang='lat' dir='ltr'><strong>natio</strong></span> <span class='ocrx_word' id='word_1_116' title='bbox 934 1289 979 1344; x_wconf 80' lang='lat' dir='ltr'><strong>vei</strong></span> 
     </span>
    </p>

    <p class='ocr_par' dir='ltr' id='par_1_12' title="bbox 185 1356 1075 1494">
     <span class='ocr_line' id='line_1_18' title="bbox 185 1356 1075 1426; baseline -0.007 -16"><span class='ocrx_word' id='word_1_117' title='bbox 185 1365 242 1426; x_wconf 86' lang='lat' dir='ltr'><strong>tam</strong></span> <span class='ocrx_word' id='word_1_118' title='bbox 255 1359 381 1414; x_wconf 85' lang='lat' dir='ltr'><strong>immanis</strong></span> <span class='ocrx_word' id='word_1_119' title='bbox 394 1364 476 1424; x_wconf 89' lang='lat' dir='ltr'><strong>atque</strong></span> <span class='ocrx_word' id='word_1_120' title='bbox 494 1357 625 1418; x_wconf 86' lang='lat' dir='ltr'><strong>barbara,</strong></span> <span class='ocrx_word' id='word_1_121' title='bbox 644 1356 691 1406; x_wconf 83' lang='lat' dir='ltr'><strong>rel</strong></span> <span class='ocrx_word' id='word_1_122' title='bbox 703 1359 758 1408; x_wconf 82' lang='lat' dir='ltr'><strong>tam</strong></span> <span class='ocrx_word' id='word_1_123' title='bbox 773 1357 885 1408; x_wconf 85' lang='lat' dir='ltr'><strong>exculta</strong></span> <span class='ocrx_word' id='word_1_124' title='bbox 897 1356 979 1408; x_wconf 86' lang='lat' dir='ltr'><strong>disci·</strong></span> <span class='ocrx_word' id='word_1_125' title='bbox 1069 1386 1075 1393; x_wconf 77' lang='lat'><em>-</em></span> 
     </span>
     <span class='ocr_line' id='line_1_19' title="bbox 186 1419 979 1494; baseline -0.003 -20"><span class='ocrx_word' id='word_1_126' title='bbox 186 1425 269 1494; x_wconf 83' lang='lat' dir='ltr'><strong>plinio</strong></span> <span class='ocrx_word' id='word_1_127' title='bbox 279 1431 362 1490; x_wconf 84' lang='lat' dir='ltr'><strong>atque</strong></span> <span class='ocrx_word' id='word_1_128' title='bbox 371 1425 489 1486; x_wconf 87' lang='lat' dir='ltr'><strong>artibus,</strong></span> <span class='ocrx_word' id='word_1_129' title='bbox 505 1438 586 1490; x_wconf 86' lang='lat' dir='ltr'><strong>qnam</strong></span> <span class='ocrx_word' id='word_1_130' title='bbox 596 1437 651 1473; x_wconf 92' lang='lat' dir='ltr'><strong>non</strong></span> <span class='ocrx_word' id='word_1_131' title='bbox 660 1423 829 1487; x_wconf 87' lang='lat' dir='ltr'><strong>iampridem</strong></span> <span class='ocrx_word' id='word_1_132' title='bbox 842 1419 979 1472; x_wconf 69' lang='lat' dir='ltr'><strong>florentis·</strong></span> 
     </span>
    </p>

    <p class='ocr_par' dir='ltr' id='par_1_13' title="bbox 186 1485 1075 1690">
     <span class='ocr_line' id='line_1_20' title="bbox 187 1485 1075 1556; baseline -0.008 -14"><span class='ocrx_word' id='word_1_133' title='bbox 187 1494 257 1542; x_wconf 84' lang='lat' dir='ltr'><strong>sima</strong></span> <span class='ocrx_word' id='word_1_134' title='bbox 279 1487 449 1546; x_wconf 85' lang='lat' dir='ltr'><strong>Venetorum</strong></span> <span class='ocrx_word' id='word_1_135' title='bbox 473 1487 630 1556; x_wconf 85' lang='lat' dir='ltr'><strong>respublica</strong></span> <span class='ocrx_word' id='word_1_136' title='bbox 646 1501 706 1538; x_wconf 59' lang='lat' dir='ltr'><strong>vnon</strong></span> <span class='ocrx_word' id='word_1_137' title='bbox 733 1487 824 1552; x_wconf 81' lang='lat' dir='ltr'><strong>gloria</strong></span> <span class='ocrx_word' id='word_1_138' title='bbox 846 1485 979 1538; x_wconf 87' lang='lat' dir='ltr'><strong>modoet</strong></span> <span class='ocrx_word' id='word_1_139' title='bbox 1066 1505 1075 1513; x_wconf 40' lang='lat'><strong>·1</strong></span> 
     </span>
     <span class='ocr_line' id='line_1_21' title="bbox 186 1549 978 1624; baseline -0.008 -16"><span class='ocrx_word' id='word_1_140' title='bbox 186 1557 335 1624; x_wconf 82' lang='lat' dir='ltr'><strong>splendore</strong></span> <span class='ocrx_word' id='word_1_141' title='bbox 354 1558 472 1608; x_wconf 88' lang='lat' dir='ltr'><strong>nominis</strong></span> <span class='ocrx_word' id='word_1_142' title='bbox 495 1555 552 1615; x_wconf 87' lang='lat' dir='ltr'><strong>sni,</strong></span> <span class='ocrx_word' id='word_1_143' title='bbox 572 1567 666 1612; x_wconf 84' lang='lat' dir='ltr'><strong>verum</strong></span> <span class='ocrx_word' id='word_1_144' title='bbox 689 1551 773 1608; x_wconf 83' lang='lat' dir='ltr'><strong>etiam</strong></span> <span class='ocrx_word' id='word_1_145' title='bbox 796 1549 978 1604; x_wconf 86' lang='lat' dir='ltr'><strong>admiratione</strong></span> 
     </span>
     <span class='ocr_line' id='line_1_22' title="bbox 188 1616 976 1690; baseline -0.005 -16"><span class='ocrx_word' id='word_1_146' title='bbox 188 1623 383 1690; x_wconf 72' lang='lat' dir='ltr'><strong>compleverit!</strong></span> <span class='ocrx_word' id='word_1_147' title='bbox 410 1623 490 1674; x_wconf 81' lang='lat' dir='ltr'><strong>Haec</strong></span> <span class='ocrx_word' id='word_1_148' title='bbox 508 1633 579 1674; x_wconf 74' lang='lat' dir='ltr'><strong>nero</strong></span> <span class='ocrx_word' id='word_1_149' title='bbox 603 1619 773 1668; x_wconf 85' lang='lat' dir='ltr'><strong>firmamenta</strong></span> <span class='ocrx_word' id='word_1_150' title='bbox 799 1616 976 1682; x_wconf 82' lang='lat' dir='ltr'><strong>reipublicae,</strong></span> 
     </span>
    </p>

    <p class='ocr_par' dir='ltr' id='par_1_14' title="bbox 123 1681 1066 2018">
     <span class='ocr_line' id='line_1_23' title="bbox 123 1681 978 1745; baseline -0.007 -5"><span class='ocrx_word' id='word_1_151' title='bbox 123 1697 128 1709; x_wconf 83' lang='lat'>&#39;</span> <span class='ocrx_word' id='word_1_152' title='bbox 187 1687 427 1742; x_wconf 81' lang='lat' dir='ltr'><strong>haeeornamenta</strong></span> <span class='ocrx_word' id='word_1_153' title='bbox 442 1685 552 1745; x_wconf 85' lang='lat' dir='ltr'><strong>ltaliae,</strong></span> <span class='ocrx_word' id='word_1_154' title='bbox 563 1681 631 1733; x_wconf 86' lang='lat' dir='ltr'><strong>haee</strong></span> <span class='ocrx_word' id='word_1_155' title='bbox 642 1681 771 1738; x_wconf 84' lang='lat' dir='ltr'><strong>virtutum</strong></span> <span class='ocrx_word' id='word_1_156' title='bbox 789 1683 908 1742; x_wconf 84' lang='lat' dir='ltr'><strong>omnium</strong></span> <span class='ocrx_word' id='word_1_157' title='bbox 921 1683 978 1734; x_wconf 85' lang='lat' dir='ltr'><strong>lau·</strong></span> 
     </span>
     <span class='ocr_line' id='line_1_24' title="bbox 184 1745 1066 1823; baseline -0.009 -13"><span class='ocrx_word' id='word_1_158' title='bbox 184 1755 392 1823; x_wconf 71' lang='lat' dir='ltr'><strong>&#39;dardorumque</strong></span> <span class='ocrx_word' id='word_1_159' title='bbox 406 1753 504 1804; x_wconf 85' lang='lat' dir='ltr'><strong>artium</strong></span> <span class='ocrx_word' id='word_1_160' title='bbox 518 1746 740 1816; x_wconf 80' lang='lat' dir='ltr'><strong>praeclarissima</strong></span> <span class='ocrx_word' id='word_1_161' title='bbox 756 1748 859 1801; x_wconf 88' lang='lat' dir='ltr'><strong>lumina</strong></span> <span class='ocrx_word' id='word_1_162' title='bbox 871 1749 979 1802; x_wconf 87' lang='lat' dir='ltr'><strong>intuen-</strong></span> <span class='ocrx_word' id='word_1_163' title='bbox 1062 1745 1066 1753; x_wconf 74' lang='grc'><strong>“</strong></span> 
     </span>
     <span class='ocr_line' id='line_1_25' title="bbox 187 1813 978 1880; baseline -0.006 -7"><span class='ocrx_word' id='word_1_164' title='bbox 187 1832 244 1878; x_wconf 90' lang='lat' dir='ltr'><strong>tem</strong></span> <span class='ocrx_word' id='word_1_165' title='bbox 257 1839 313 1878; x_wconf 82' lang='lat' dir='ltr'><strong>uon</strong></span> <span class='ocrx_word' id='word_1_166' title='bbox 327 1818 506 1880; x_wconf 79' lang='lat' dir='ltr'><strong>commoveri,</strong></span> <span class='ocrx_word' id='word_1_167' title='bbox 522 1821 627 1866; x_wconf 87' lang='lat' dir='ltr'><strong>tantum</strong></span> <span class='ocrx_word' id='word_1_168' title='bbox 636 1813 665 1864; x_wconf 90' lang='lat' dir='ltr'><strong>id</strong></span> <span class='ocrx_word' id='word_1_169' title='bbox 675 1813 785 1880; x_wconf 87' lang='lat' dir='ltr'><strong>quidem</strong></span> <span class='ocrx_word' id='word_1_170' title='bbox 795 1821 851 1878; x_wconf 84' lang='lat' dir='ltr'><strong>est,</strong></span> <span class='ocrx_word' id='word_1_171' title='bbox 867 1823 908 1878; x_wconf 89' lang='lat' dir='ltr'><strong>ut,</strong></span> <span class='ocrx_word' id='word_1_172' title='bbox 924 1832 978 1868; x_wconf 90' lang='lat' dir='ltr'><strong>non</strong></span> 
     </span>
     <span class='ocr_line' id='line_1_26' title="bbox 189 1881 979 1950; baseline -0.005 -10"><span class='ocrx_word' id='word_1_173' title='bbox 189 1889 279 1940; x_wconf 84' lang='lat' dir='ltr'><strong>dicam</strong></span> <span class='ocrx_word' id='word_1_174' title='bbox 288 1885 316 1939; x_wconf 84' lang='lat' dir='ltr'><strong>in</strong></span> <span class='ocrx_word' id='word_1_175' title='bbox 326 1901 414 1938; x_wconf 86' lang='lat' dir='ltr'><strong>meam</strong></span> <span class='ocrx_word' id='word_1_176' title='bbox 429 1884 499 1934; x_wconf 88' lang='lat' dir='ltr'><strong>hanc</strong></span> <span class='ocrx_word' id='word_1_177' title='bbox 508 1881 728 1941; x_wconf 79' lang='lat' dir='ltr'><strong>mediocritatem</strong></span> <span class='ocrx_word' id='word_1_178' title='bbox 742 1882 859 1950; x_wconf 84' lang='lat' dir='ltr'><strong>ingenii,</strong></span> <span class='ocrx_word' id='word_1_179' title='bbox 874 1883 923 1934; x_wconf 89' lang='lat' dir='ltr'><strong>sed</strong></span> <span class='ocrx_word' id='word_1_180' title='bbox 933 1884 979 1936; x_wconf 86' lang='lat' dir='ltr'><strong>vix</strong></span> 
     </span>
     <span class='ocr_line' id='line_1_27' title="bbox 187 1949 980 2018; baseline -0.008 -12"><span class='ocrx_word' id='word_1_181' title='bbox 187 1958 217 2006; x_wconf 91' lang='lat' dir='ltr'><strong>in</strong></span> <span class='ocrx_word' id='word_1_182' title='bbox 246 1967 389 2018; x_wconf 85' lang='lat' dir='ltr'><strong>uemquam</strong></span> <span class='ocrx_word' id='word_1_183' title='bbox 404 1949 553 2008; x_wconf 88' lang='lat' dir='ltr'><strong>hominem,</strong></span> <span class='ocrx_word' id='word_1_184' title='bbox 571 1949 615 2015; x_wconf 89' lang='lat' dir='ltr'><strong>qui</strong></span> <span class='ocrx_word' id='word_1_185' title='bbox 627 1953 782 2000; x_wconf 85' lang='lat' dir='ltr'><strong>ceterorum</strong></span> <span class='ocrx_word' id='word_1_186' title='bbox 791 1950 825 2001; x_wconf 87' lang='lat' dir='ltr'><strong>de</strong></span> <span class='ocrx_word' id='word_1_187' title='bbox 836 1965 866 2001; x_wconf 90' lang='lat' dir='ltr'><strong>se</strong></span> <span class='ocrx_word' id='word_1_188' title='bbox 877 1949 980 2002; x_wconf 89' lang='lat' dir='ltr'><strong>iudicia</strong></span> 
     </span>
    </p>

    <p class='ocr_par' dir='ltr' id='par_1_15' title="bbox 173 2012 980 2096">
     <span class='ocr_line' id='line_1_28' title="bbox 173 2012 980 2096; baseline -0.006 -24"><span class='ocrx_word' id='word_1_189' title='bbox 173 2023 364 2079; x_wconf 73' lang='lat' dir='ltr'><strong>extrmescat,</strong></span> <span class='ocrx_word' id='word_1_190' title='bbox 382 2016 481 2068; x_wconf 86' lang='lat' dir='ltr'><strong>eadere</strong></span> <span class='ocrx_word' id='word_1_191' title='bbox 493 2027 577 2096; x_wconf 77' lang='lat' dir='ltr'><strong>posse</strong></span> <span class='ocrx_word' id='word_1_192' title='bbox 590 2012 725 2066; x_wconf 80' lang='lat' dir='ltr'><strong>videatur.</strong></span> <span class='ocrx_word' id='word_1_193' title='bbox 759 2015 868 2068; x_wconf 85' lang='lat' dir='ltr'><strong>Etenim</strong></span> <span class='ocrx_word' id='word_1_194' title='bbox 882 2016 980 2067; x_wconf 84' lang='lat' dir='ltr'><strong>sielo·</strong></span> 
     </span>
    </p>

    <p class='ocr_par' dir='ltr' id='par_1_16' title="bbox 137 2081 1076 2215">
     <span class='ocr_line' id='line_1_29' title="bbox 137 2081 1076 2150; baseline -0.007 -13"><span class='ocrx_word' id='word_1_195' title='bbox 137 2138 139 2142; x_wconf 81' lang='grc'>,</span> <span class='ocrx_word' id='word_1_196' title='bbox 207 2085 384 2136; x_wconf 82' lang='lat' dir='ltr'><strong>uentissimos</strong></span> <span class='ocrx_word' id='word_1_197' title='bbox 402 2082 469 2133; x_wconf 91' lang='lat' dir='ltr'><strong>olim</strong></span> <span class='ocrx_word' id='word_1_198' title='bbox 481 2094 557 2132; x_wconf 82' lang='lat' dir='ltr'><strong>mros</strong></span> <span class='ocrx_word' id='word_1_199' title='bbox 576 2083 746 2150; x_wconf 85' lang='lat' dir='ltr'><strong>accepimus,</strong></span> <span class='ocrx_word' id='word_1_200' title='bbox 765 2097 826 2134; x_wconf 90' lang='lat' dir='ltr'><strong>cum</strong></span> <span class='ocrx_word' id='word_1_201' title='bbox 840 2081 875 2134; x_wconf 88' lang='lat' dir='ltr'><strong>ad</strong></span> <span class='ocrx_word' id='word_1_202' title='bbox 889 2081 979 2132; x_wconf 85' lang='lat' dir='ltr'><strong>dicen·</strong></span> <span class='ocrx_word' id='word_1_203' title='bbox 1072 2086 1076 2091; x_wconf 86' lang='lat'>&#39;</span> 
     </span>
     <span class='ocr_line' id='line_1_30' title="bbox 189 2102 979 2215; baseline -0.008 -13"><span class='ocrx_word' id='word_1_204' title='bbox 189 2102 253 2202; x_wconf 54' lang='lat' dir='ltr'><strong>aum</strong></span> <span class='ocrx_word' id='word_1_205' title='bbox 262 2150 413 2211; x_wconf 87' lang='lat' dir='ltr'><strong>venissent,</strong></span> <span class='ocrx_word' id='word_1_206' title='bbox 429 2150 509 2199; x_wconf 84' lang='lat' dir='ltr'><strong>unius</strong></span> <span class='ocrx_word' id='word_1_207' title='bbox 520 2147 657 2214; x_wconf 88' lang='lat' dir='ltr'><strong>Principis</strong></span> <span class='ocrx_word' id='word_1_208' title='bbox 673 2149 806 2215; x_wconf 86' lang='lat' dir='ltr'><strong>adspectu</strong></span> <span class='ocrx_word' id='word_1_209' title='bbox 819 2150 859 2198; x_wconf 87' lang='lat' dir='ltr'><strong>ita</strong></span> <span class='ocrx_word' id='word_1_210' title='bbox 870 2153 979 2198; x_wconf 88' lang='lat' dir='ltr'><strong>contur-</strong></span> 
     </span>
    </p>

    <p class='ocr_par' dir='ltr' id='par_1_17' title="bbox 187 2211 1074 2282">
     <span class='ocr_line' id='line_1_31' title="bbox 187 2211 1074 2282; baseline -0.005 -14"><span class='ocrx_word' id='word_1_211' title='bbox 187 2218 269 2268; x_wconf 87' lang='lat' dir='ltr'><strong>batos</strong></span> <span class='ocrx_word' id='word_1_212' title='bbox 287 2214 390 2278; x_wconf 80' lang='lat' dir='ltr'><strong>fuisse,</strong></span> <span class='ocrx_word' id='word_1_213' title='bbox 408 2219 439 2265; x_wconf 86' lang='lat' dir='ltr'><strong>ut</strong></span> <span class='ocrx_word' id='word_1_214' title='bbox 454 2213 690 2278; x_wconf 81' lang='lat' dir='ltr'><strong>obmutescerentr</strong></span> <span class='ocrx_word' id='word_1_215' title='bbox 709 2215 775 2282; x_wconf 88' lang='lat' dir='ltr'><strong>quid</strong></span> <span class='ocrx_word' id='word_1_216' title='bbox 790 2213 857 2266; x_wconf 86' lang='lat' dir='ltr'><strong>mihi</strong></span> <span class='ocrx_word' id='word_1_217' title='bbox 869 2211 980 2264; x_wconf 87' lang='lat' dir='ltr'><strong>tandem</strong></span> <span class='ocrx_word' id='word_1_218' title='bbox 1063 2258 1074 2282; x_wconf 32' lang='grc' dir='ltr'><strong>Ι,</strong></span> 
     </span>
    </p>

    <p class='ocr_par' dir='ltr' id='par_1_18' title="bbox 167 2278 1074 2484">
     <span class='ocr_line' id='line_1_32' title="bbox 167 2278 1074 2349; baseline -0.004 -16"><span class='ocrx_word' id='word_1_219' title='bbox 167 2293 172 2298; x_wconf 83' lang='grc'><strong><em>’</em></strong></span> <span class='ocrx_word' id='word_1_220' title='bbox 189 2283 273 2333; x_wconf 89' lang='lat' dir='ltr'><strong>animi</strong></span> <span class='ocrx_word' id='word_1_221' title='bbox 284 2295 346 2332; x_wconf 87' lang='lat' dir='ltr'><strong>esse</strong></span> <span class='ocrx_word' id='word_1_222' title='bbox 358 2287 477 2347; x_wconf 86' lang='lat' dir='ltr'><strong>oportet,</strong></span> <span class='ocrx_word' id='word_1_223' title='bbox 487 2281 534 2347; x_wconf 86' lang='lat' dir='ltr'><strong>qui</strong></span> <span class='ocrx_word' id='word_1_224' title='bbox 542 2297 633 2349; x_wconf 89' lang='lat' dir='ltr'><strong>neque</strong></span> <span class='ocrx_word' id='word_1_225' title='bbox 643 2279 842 2346; x_wconf 85' lang='lat' dir='ltr'><strong>comparandus</strong></span> <span class='ocrx_word' id='word_1_226' title='bbox 853 2293 913 2330; x_wconf 89' lang='lat' dir='ltr'><strong>eum</strong></span> <span class='ocrx_word' id='word_1_227' title='bbox 922 2278 980 2329; x_wconf 90' lang='lat' dir='ltr'><strong>illis</strong></span> <span class='ocrx_word' id='word_1_228' title='bbox 1073 2315 1074 2322; x_wconf 40' lang='grc' dir='ltr'>ι</span> 
     </span>
     <span class='ocr_line' id='line_1_33' title="bbox 190 2343 982 2414; baseline -0.009 -14"><span class='ocrx_word' id='word_1_229' title='bbox 190 2351 300 2402; x_wconf 89' lang='lat' dir='ltr'><strong>omnino</strong></span> <span class='ocrx_word' id='word_1_230' title='bbox 312 2363 384 2411; x_wconf 87' lang='lat' dir='ltr'><strong>sum,</strong></span> <span class='ocrx_word' id='word_1_231' title='bbox 400 2354 429 2399; x_wconf 86' lang='lat' dir='ltr'><strong>et</strong></span> <span class='ocrx_word' id='word_1_232' title='bbox 443 2348 515 2414; x_wconf 88' lang='lat' dir='ltr'><strong>apud</strong></span> <span class='ocrx_word' id='word_1_233' title='bbox 529 2363 578 2400; x_wconf 87' lang='lat' dir='ltr'><strong>ros</strong></span> <span class='ocrx_word' id='word_1_234' title='bbox 593 2349 669 2410; x_wconf 87' lang='lat' dir='ltr'><strong>dico,</strong></span> <span class='ocrx_word' id='word_1_235' title='bbox 683 2348 832 2401; x_wconf 87' lang='lat' dir='ltr'><strong>Senatores</strong></span> <span class='ocrx_word' id='word_1_236' title='bbox 845 2343 982 2410; x_wconf 85' lang='lat' dir='ltr'><strong>amplissi-</strong></span> 
     </span>
     <span class='ocr_line' id='line_1_34' title="bbox 187 2409 981 2484; baseline -0.008 -16"><span class='ocrx_word' id='word_1_237' title='bbox 187 2416 238 2477; x_wconf 85' lang='lat' dir='ltr'><strong>mi,</strong></span> <span class='ocrx_word' id='word_1_238' title='bbox 251 2416 287 2468; x_wconf 87' lang='lat' dir='ltr'><strong>ad</strong></span> <span class='ocrx_word' id='word_1_239' title='bbox 297 2429 366 2484; x_wconf 87' lang='lat' dir='ltr'><strong>quos</strong></span> <span class='ocrx_word' id='word_1_240' title='bbox 377 2429 439 2468; x_wconf 89' lang='lat' dir='ltr'><strong>cum</strong></span> <span class='ocrx_word' id='word_1_241' title='bbox 451 2414 595 2468; x_wconf 87' lang='lat' dir='ltr'><strong>oculorum</strong></span> <span class='ocrx_word' id='word_1_242' title='bbox 607 2420 741 2468; x_wconf 86' lang='lat' dir='ltr'><strong>converto</strong></span> <span class='ocrx_word' id='word_1_243' title='bbox 749 2415 850 2476; x_wconf 85' lang='lat' dir='ltr'><strong>aciem,</strong></span> <span class='ocrx_word' id='word_1_244' title='bbox 864 2409 981 2463; x_wconf 88' lang='lat' dir='ltr'><strong>totidem</strong></span> 
     </span>
    </p>
   </div>
   <div class='ocr_carea' id='block_1_4' title="bbox 152 2529 1074 2758">
    <p class='ocr_par' dir='ltr' id='par_1_19' title="bbox 152 2529 1074 2758">
     <span class='ocr_line' id='line_1_35' title="bbox 152 2529 1074 2588; baseline -0.005 -16"><span class='ocrx_word' id='word_1_245' title='bbox 152 2569 153 2572; x_wconf 75' lang='grc'>,</span> <span class='ocrx_word' id='word_1_246' title='bbox 227 2531 248 2587; x_wconf 81' lang='grc'><strong>·)</strong></span> <span class='ocrx_word' id='word_1_247' title='bbox 265 2531 302 2575; x_wconf 86' lang='lat' dir='ltr'><strong>cf.</strong></span> <span class='ocrx_word' id='word_1_248' title='bbox 313 2531 360 2575; x_wconf 79' lang='lat' dir='ltr'><strong>cie.</strong></span> <span class='ocrx_word' id='word_1_249' title='bbox 370 2529 601 2587; x_wconf 56' lang='lat' dir='ltr'><strong>promanarunt.</strong></span> <span class='ocrx_word' id='word_1_250' title='bbox 1073 2573 1074 2588; x_wconf 14' lang='grc' dir='ltr'><strong>χ</strong></span> 
     </span>
     <span class='ocr_line' id='line_1_36' title="bbox 215 2585 981 2650; baseline -0.014 -10"><span class='ocrx_word' id='word_1_251' title='bbox 215 2597 247 2650; x_wconf 81' lang='lat'><strong>¹⁸)</strong></span> <span class='ocrx_word' id='word_1_252' title='bbox 262 2595 309 2641; x_wconf 75' lang='lat' dir='ltr'><strong>(iit.</strong></span> <span class='ocrx_word' id='word_1_253' title='bbox 326 2592 357 2638; x_wconf 73' lang='lat' dir='ltr'><strong>N.</strong></span> <span class='ocrx_word' id='word_1_254' title='bbox 377 2593 407 2638; x_wconf 85' lang='lat' dir='ltr'><strong>D.</strong></span> <span class='ocrx_word' id='word_1_255' title='bbox 425 2593 445 2636; x_wconf 90' lang='lat'><strong>1.</strong></span> <span class='ocrx_word' id='word_1_256' title='bbox 463 2599 481 2636; x_wconf 88' lang='lat'><strong>1.</strong></span> <span class='ocrx_word' id='word_1_257' title='bbox 500 2595 561 2642; x_wconf 73' lang='lat' dir='ltr'><strong>Quae</strong></span> <span class='ocrx_word' id='word_1_258' title='bbox 580 2594 704 2648; x_wconf 80' lang='lat' dir='ltr'><strong>(quaestio)</strong></span> <span class='ocrx_word' id='word_1_259' title='bbox 728 2592 772 2635; x_wconf 76' lang='lat' dir='ltr'><strong>niti</strong></span> <span class='ocrx_word' id='word_1_260' title='bbox 790 2587 938 2637; x_wconf 85' lang='lat' dir='ltr'><strong>diiudieetnr‚</strong></span> <span class='ocrx_word' id='word_1_261' title='bbox 956 2585 981 2630; x_wconf 86' lang='lat' dir='ltr'><strong>ia</strong></span> 
     </span>
     <span class='ocr_line' id='line_1_37' title="bbox 189 2643 981 2704; baseline -0.013 -10"><span class='ocrx_word' id='word_1_262' title='bbox 189 2662 274 2696; x_wconf 78' lang='lat' dir='ltr'><strong>summo</strong></span> <span class='ocrx_word' id='word_1_263' title='bbox 284 2662 361 2694; x_wconf 85' lang='lat' dir='ltr'><strong>errore</strong></span> <span class='ocrx_word' id='word_1_264' title='bbox 373 2653 511 2694; x_wconf 82' lang='lat' dir='ltr'><strong>neeesneest</strong></span> <span class='ocrx_word' id='word_1_265' title='bbox 521 2647 698 2704; x_wconf 75' lang='lat' dir='ltr'><strong>inminentque</strong></span> <span class='ocrx_word' id='word_1_266' title='bbox 710 2648 735 2691; x_wconf 88' lang='lat' dir='ltr'><strong>ia</strong></span> <span class='ocrx_word' id='word_1_267' title='bbox 747 2643 895 2690; x_wconf 76' lang='lat' dir='ltr'><strong>naximssunr</strong></span> <span class='ocrx_word' id='word_1_268' title='bbox 906 2653 981 2686; x_wconf 79' lang='lat' dir='ltr'><strong>sensns</strong></span> 
     </span>
     <span class='ocr_line' id='line_1_38' title="bbox 188 2706 432 2758; baseline 0.012 -11"><span class='ocrx_word' id='word_1_269' title='bbox 188 2707 329 2758; x_wconf 71' lang='lat' dir='ltr'><strong>ignoratione</strong></span> <span class='ocrx_word' id='word_1_270' title='bbox 338 2706 432 2750; x_wconf 79' lang='lat' dir='ltr'><strong>ventri.</strong></span> 
     </span>
    </p>
   </div>
   <div class='ocr_carea' id='block_1_5' title="bbox 0 0 1083 3002">
    <p class='ocr_par' dir='ltr' id='par_1_20' title="bbox 0 0 1083 3002">
     <span class='ocr_line' id='line_1_39' title="bbox 0 0 1083 3002; baseline 0 0"><span class='ocrx_word' id='word_1_271' title='bbox 0 0 1083 3002; x_wconf 95' lang='lat' dir='ltr'><strong> </strong></span> 
     </span>
    </p>
   </div>
  </div>
 </body>
</html>
