2146 3008
202 156 252 210 26²
461 158 611 212 ORATIO
630 157 731 212 xxvl

201 263 330 329 possent,
348 258 374 311 is
387 256 497 311 demum
514 258 604 313 Paulo
623 259 713 313 Foxio
735 260 853 314 idoneus
871 261 1005 316 laudator

201 328 384 394 reperiretur,
403 339 593 394 quemcunque
612 327 673 394 ipae
692 327 746 380 sibi
761 342 855 388 earum
870 330 1004 381 virtutum

201 407 395 446 successorem
414 407 477 444 esse
495 394 640 462 voluisset.
669 393 745 460 ,Nam
763 397 860 447 necin
878 410 933 463 quo
948 409 1003 449 orn·

202 461 277 528 plior
293 466 322 512 et
333 460 447 522 uberior
460 462 581 512 omnium
594 460 792 513 laudandorum
806 464 906 514 artium
921 477 1004 531 seges

203 527 371 590 effloruerit,
390 540 443 577 nee
461 528 491 578 in
504 543 558 606 quo
573 527 616 578 nis
633 533 661 578 et
673 529 759 594 copia
774 529 886 581 dicendi
904 532 1004 594 maior,

203 609 285 662 quam
294 594 323 644 in
333 607 382 656 eo,
392 593 546 656 exstiterit,
557 609 591 645 ex
602 595 675 645 omni
685 595 820 648 memoria
829 602 927 648 nostra
936 597 1005 649 deli-

203 661 233 729 gi
252 661 396 727 quisquam
415 665 518 724 potest.
555 660 615 720 Quo
630 659 698 711 mlhi
711 665 800 714 maius
813 677 846 715 oc
864 663 1004 716 difficilius

204 741 274 779 onus
284 727 444 791 impositum
458 740 520 777 esse
533 727 629 789 rideo,
642 729 672 778 in
681 727 735 779 lnoc
750 729 1005 782 ornatissimocon·

160 859 162 864 Δ
204 792 327 845 sessode
338 792 468 844 laudibus
486 793 574 861 ipsius
585 793 669 845 verba
678 794 810 847 faciendi:
829 798 904 863 quod
914 811 1006 863 neque

203 874 323 926 unquam
339 858 432 910 subire
445 874 530 912 ausus
544 875 647 924 essem,
668 863 722 913 nisi
736 869 765 914 et
776 877 839 914 mea
850 879 895 914 me
908 864 1006 917 multis

137 990 141 994 .
204 924 303 978 abhinc
327 927 406 979 aunis
429 934 559 994 suscepta
584 929 716 980 adversus
735 944 798 981 eum
817 930 1006 994 observantia,

202 1000 235 1046 ut
245 993 275 1044 id
287 993 422 1056 facerem,
436 995 611 1058 adduxisset,
625 1002 654 1047 et
670 1007 778 1059 eorum,
793 1008 909 1063 quorum
918 998 1005 1063 impe·

158 1063 161 1071 '
202 1062 275 1112 rium
295 1061 482 1125 ἀσπασίαν)
496 1077 551 1112 non
565 1067 704 1128 poteram,
725 1064 878 1114 auctoritas
895 1065 1006 1130 coegis-

203 1135 256 1180 set.
291 1127 389 1197 Neque
403 1145 474 1180 nunc
485 1128 511 1180 ei
520 1143 564 1179 me
574 1127 691 1180 ferendo
706 1145 799 1196 parem
809 1129 871 1180 lore
882 1131 1005 1181 conlide-

203 1209 276 1258 rem,
296 1196 351 1248 'nisi
369 1194 450 1258 mihi,
469 1195 544 1262 quod
562 1195 610 1246 rix
626 1196 702 1246 dictu
722 1197 855 1248 credibile
869 1202 924 1256 est,
942 1197 1007 1262 ipsa

203 1262 361 1328 levamento
375 1278 408 1314 ac
419 1262 520 1314 solatio
531 1268 607 1313 esset
617 1261 772 1314 difficultas.
798 1263 868 1315 Nam
879 1266 904 1314 si
913 1279 1006 1329 quem·

205 1344 288 1397 quam
300 1329 386 1381 aliurn
402 1329 435 1380 de
447 1328 698 1446 PauloFoxioaYro
713 1330 800 1400 ipsius
815 1331 950 1398 dignitate
966 1329 1007 1380 di·

206 1409 270 1446 cere
285 1411 369 1462 posse
384 1397 598 1458 existimassem,
618 1413 635 1446 v
665 1397 699 1446 de
713 1411 757 1446 me
770 1395 888 1463 puderet
900 1397 929 1447 in
942 1410 1009 1447 eum

205 1462 298 1514 locum
309 1461 515 1523 conscendisse,
523 1461 595 1512 unde
605 1461 675 1513 nihil
685 1463 759 1512 aliud
772 1461 881 1513 viderer
889 1462 1009 1528 praesti·

205 1530 285 1590 tisse,
296 1544 377 1594 quam
386 1534 417 1578 ut
426 1529 525 1578 summi
534 1529 587 1578 viri
596 1527 693 1578 leudes
703 1528 798 1590 inopia
808 1527 920 1579 dicendi
930 1529 1010 1579 dete·

204 1595 360 1656 rerem**).
395 1591 474 1641 Nunc
495 1607 556 1641 cum
575 1593 644 1641 sotis
662 1591 829 1654 intelligam,
849 1594 923 1657 quod
938 1594 1012 1647 mihi

205 1663 367 1710 eventurum
378 1661 433 1716 est,
445 1661 475 1706 ut
486 1655 576 1705 oratio
587 1669 649 1704 mea
657 1655 740 1720 longo
750 1656 921 1721 multumque
932 1659 1013 1714 infra

203 1724 292 1790 ipsius
312 1721 475 1789 dignitatem
494 1720 598 1781 iaceat,
620 1719 695 1770 idem
717 1719 833 1770 cuilibet
853 1723 1012 1787 quamlibet

205 1789 322 1855 copioso
334 1794 363 1839 et
372 1787 524 1838 exercitato
538 1783 643 1838 homini
654 1790 814 1838 eventurum
824 1785 926 1852 fuisse,
936 1786 1011 1843 faci-

204 1855 231 1906 le
242 1856 333 1922 patior
342 1853 481 1906 delectum
489 1854 664 1923 potissimum
674 1869 736 1906 esse
746 1869 800 1917 me,
809 1855 887 1906 ouius
897 1857 1009 1925 praedi·

178 1980 182 1989 x
205 1921 316 1976 cauom
335 1920 470 1990 quasique
484 1923 636 1990 praeconio
650 1922 854 1974 admirabilium
875 1923 964 1990 ipsius
977 1925 1010 1977 in

206 1989 281 2041 omni
291 2004 395 2058 genere
408 1989 554 2052 virtutum,
566 1989 602 2041 ad
612 2005 675 2054 eos,
686 1990 785 2058 quibus
796 1989 862 2042 illae
873 1990 947 2042 forte
957 1991 1011 2042 mi·

206 2065 347 2111 nusnotae
357 2057 487 2123 luissent,
494 2057 692 2126 qualiacunque
703 2057 828 2124 cognitio
839 2060 1009 2126 perveniret.

248 2191 270 2247 ⁸)
289 2191 355 2237 curt.
374 2188 407 2234 X.
418 2195 452 2233 lo.
466 2187 598 2246 ξ.4.8ο1ιιι
611 2190 648 2234 liic
662 2191 775 2234 Eumenes
785 2155 929 2235 &meetabet
937 2190 1011 2244 impe·

207 2248 274 2292 rium.
305 2246 398 2290 sueton.
408 2245 452 2290 Iul.
464 2249 501 2289 tl.
510 2259 694 2301 quamqnsmnee
702 2249 814 2303 impereta
824 2251 977 2294 detrectarent
987 2251 1013 2290 et

208 2303 339 2346 advenienti
348 2308 426 2359 portu
435 2303 600 2358 patefacerent.

239 2405 271 2460 ⁶⁹)
286 2405 366 2448 llorst.
380 2404 454 2449 Gom
466 2409 485 2448 l.
495 2404 516 2447 ⁶.
527 2405 561 2447 10.
570 2415 620 2460 sqq.

372 2515 402 2528 -·
409 2493 483 2546 Lym
493 2493 560 2538 mou
569 2497 722 2548 potentetst

373 2549 464 2594 Leuior
474 2550 559 2602 egregii
569 2549 674 2595 Gesseris
685 2555 708 2594 et
717 2553 768 2594 tues

403 2603 478 2658 culp·
488 2607 588 2650 deterere
596 2605 681 2660 ingeni.

211 2667 319 2719 Quinctil.
327 2668 360 2716 X.
371 2673 394 2715 i.
404 2675 437 2718 lt.
447 2670 509 2716 Plio.
519 2671 564 2729 Ep.
574 2671 619 2717 IX.
628 2674 664 2717 8⁵.
671 2676 694 2717 2.
