2146 3008
131 214 136 222 ,
180 158 231 212 ιιι
469 155 622 210 orario
640 135 706 210 xis

153 252 155 264 '
181 263 237 322 ait,
255 257 487 326 minuamur).
522 257 844 326 Acueouidubinmsit‚
858 261 979 326 praesci-

181 328 256 379 visse
267 341 343 389 eum,
362 327 416 378 sibi
425 325 520 377 exilio
529 326 627 376 morbo
638 325 810 382 moriendum
819 323 896 389 lore,
912 328 976 380 duas

181 401 292 460 apertas
304 401 386 460 atque
397 393 521 443 illustres
535 393 595 442 eins
607 391 651 443 rei
664 392 885 458 significationes
895 394 975 445 dedit.

181 461 284 524 Unam,
300 461 374 526 quod
384 459 559 510 Cardinalem
568 457 783 511 Alexandrinum
798 457 887 524 pridie
898 458 976 510 Pera·

182 539 294 588 soenes,
314 526 368 578 boc
387 531 442 587 est,
461 527 594 588 vicesimo
608 538 682 577 nono
696 530 761 575 ante
773 525 861 590 ipsius
876 525 976 576 obitum

183 593 243 656 die,
258 598 464 644 sacrosanctam
477 591 672 642 eucharistiam
685 591 739 642 sibi
748 586 939 658 porrigentem
951 598 978 644 ct

182 662 287 710 usitata
295 659 442 710 verborum
450 656 713 719 formuluutentens,
723 658 806 710 iussit
815 659 943 710 insistere
951 667 978 710 et

181 723 223 776 ita
232 725 316 776 verba
326 725 486 791 concipere,
496 731 527 775 ut
535 725 564 775 in
573 724 609 775 iis
616 731 722 776 tantum
729 726 773 786 iit,
784 725 831 792 qui
840 726 977 776 sanctissi-

182 805 255 842 mum
274 791 345 841 illud
363 797 564 842 sacramentnm
582 805 633 857 pro
653 793 757 842 viatico
775 791 926 857 accipiunt,
949 799 979 844 nt

181 858 276 925 paullo
286 862 351 923 post
365 858 400 908 ad
410 857 494 908 aliam
505 857 589 908 vitam
598 859 815 925 commigratum.
850 858 979 920 Alteram,

182 924 342 990 quodcum,
353 923 388 974 ob
418 924 535 975 nandam
545 925 636 976 morbi
644 925 825 985 levationem,
836 923 978 990 depulsum

182 991 217 1042 ab
230 1005 264 1042 eo
276 1003 338 1042 esse
350 939 449 1041 molis
455 990 623 1069 perieulum}
643 998 773 1045 constans
784 991 878 1058 opinio
894 980 978 1054 es'set,

182 1063 289 1124 septem
302 1058 353 1108 illa
368 1071 518 1123 praecipua
535 1057 612 1108 urbis
627 1058 732 1124 templa
742 1058 864 1110 inrisere
882 1058 979 1122 voluit,

183 1125 299 1192 eiusque
312 1125 433 1186 itineris,
444 1138 606 1190 quamquam
620 1125 723 1177 viribus
736 1126 827 1178 morbi
844 1125 979 1192 gravitate

183 1197 212 1242 et
229 1190 432 1258 longinquitate
452 1191 578 1254 deiectis,
593 1206 638 1242 ma
659 1207 721 1243 nam
738 1199 845 1259 partem
864 1191 979 1258 pedibus

182 1257 319 1324 confecit,
338 1263 433 1326 aperte
445 1259 593 1325 profitens,
611 1207 684 1313 velle
698 1273 728 1310 se
741 1273 837 1311 eorum
847 1257 980 1324 reliquias

180 1329 393 1393 postremum⁴*)
404 1327 508 1389 videre,
515 1339 584 1394 quos
592 1340 623 1377 se
631 1341 686 1378 non
693 1325 780 1378 multo
788 1332 852 1442 post
859 1325 982 1376 visurum

181 1407 245 1445 esse
255 1401 381 1462 speraret
389 1397 418 1446 in
429 1393 518 1445 coelo.
553 1391 674 1443 Mortem
684 1394 789 1443 antemi
801 1393 854 1444 lius
865 1397 894 1442 et
903 1405 982 1458 prac-

182 1468 328 1512 cesserunt
345 1462 431 1514 multa
448 1459 589 1540 prodigia,
613 1465 706 1510 terrac
724 1457 865 1519 fremitus,
887 1463 982 1510 terrae

77 1527 79 1534 ’
180 1535 286 1591 motus,
299 1527 440 1579 fluminum
452 1525 659 1586 mundationes,
678 1522 768 1572 crebri
780 1523 927 1574 fulminum
942 1525 983 1574 ia-

180 1601 257 1656 etus,
267 1601 296 1645 et
306 1601 402 1645 secuta
412 1597 454 1642 est
464 1596 540 1638 tanta
548 1589 643 1652 populi
657 1588 859 1648 consternatio,
873 1596 905 1639 ut
919 1590 984 1643 eins

180 1661 350 1713 desiderium
363 1660 409 1710 rix
418 1657 502 1718 longo
513 1659 638 1716 tempore
653 1651 775 1715 mitigari
788 1665 872 1716 posse
885 1654 986 1706 videa-

181 1733 234 1778 tur.
266 1725 321 1777 Sed
333 1737 382 1773 nos
392 1718 502 1784 quidem
512 1717 682 1768 alienissimo
692 1716 863 1782 reipublicae
872 1724 986 1787 tempo.

179 1807 223 1853 re,
235 1792 338 1856 optimo
350 1793 378 1836 et
387 1781 624 1852 praestantissimo
635 1783 759 1850 principe
771 1784 860 1836 orbati
872 1801 986 1841 sumunt

179 1858 228 1908 iiio
239 1861 341 1913 autom,
353 1859 384 1915 ut
394 1849 569 1912 confidimus,
587 1865 603 1901 s
613 1851 737 1903 tenebris
747 1865 780 1903 ac
789 1852 907 1906 vinculis
919 1869 985 1908 cor·

180 1921 257 1990 poris
269 1921 298 1968 in
311 1920 400 1970 lucem
410 1917 623 1990 libertatemque
636 1919 799 1986 productus,
813 1924 985 1987 promissam

180 1988 234 2054 piis
246 1985 504 2052 omnibnspossidet
513 1983 789 2049 hereditatem,itaut
797 2002 872 2039 nrors
881 1989 983 2056 ipsius,

180 2054 206 2105 si
216 2059 319 2104 sortem
329 2057 452 2105 nostram
462 2054 641 2119 respicimus,
651 2054 728 2104 luctu
737 2059 768 2105 at
776 2054 986 2107 lamentationi·

179 2121 244 2184 bus,
255 2121 299 2171 sio
308 2121 409 2186 ipsum,
419 2120 496 2172 cultu
506 2127 535 2171 et
544 2121 775 2187 gratulationibus
785 2122 985 2188 prosequenda

108 2248 110 2254 Α
179 2189 226 2240 sit.
245 2186 320 2246 ,Vos
337 2202 417 2252 vero,
437 2187 536 2240 Patres
555 2188 729 2254 amplissimi,
749 2202 819 2253 qnos
834 2187 889 2240 iam
907 2203 984 2240 unos

179 2262 290 2308 moesta
307 2258 378 2308 tanti
398 2253 592 2322 gubernatoris
610 2255 690 2307 obita
708 2256 834 2306 intuetur
849 2255 985 2319 ecclesia,

181 2337 298 2394 quorum
305 2337 341 2376 ex
351 2324 517 2376 auctoritate
526 2336 560 2374 ac
567 2321 719 2388 suffragiis,
724 2322 875 2374 secundum
879 2319 975 2375 Deum

217 2457 238 2512 ¹)
247 2455 297 2524 ,Ep-
307 2456 337 2500 aa
346 2453 450 2510 Philipp.
459 2451 479 2498 Ι.
489 2457 523 2497 21.
545 2457 603 2509 ’Bpol
612 2456 651 2509 γὰρ
660 2457 684 2497 ιδ
695 2457 732 2507 ζῆν
740 2419 877 2508 xpssie'sal
885 2459 911 2508 sl
925 2453 986 2502 ἄπο·

181 2511 342 2614 ozppsffipoplp
352 2555 458 2600 oratlll.
465 2561 484 2599 2.
495 2556 514 2611 ξ.
521 2556 542 2597 a.
557 2556 610 2609 post
619 2553 668 2596 cius
677 2537 792 2596 interitum
801 2552 948 2596 veniebamus
960 2553 987 2595 in

181 2615 276 2664 cumam,
290 2617 315 2656 ut
324 2615 445 2667 vestigium
456 2611 530 2655 illudi
549 2621 608 2659 sum,
622 2606 755 2662 in.quo.ills
762 2615 904 2664 postrenmo
913 2609 987 2651 insti·

180 2670 259 2721 strat,
270 2673 433 2714 contueremur.
454 2668 507 2712 Lis.
542 2667 570 2711 1..
578 2669 614 2710 lt.
624 2668 645 2710 t.
659 2663 867 2710 'senatuis-ll.
878 2671 896 2712 1.
905 2667 944 2709 22.
