2156 3008
369 181 522 236 orario
535 184 640 240 xlm·-
846 191 895 246 132
959 239 962 244 r
985 213 989 226 .

93 285 192 340 nolus
212 288 262 336 aut
275 283 457 347 'exstinxerit‚
475 290 523 334 aut
532 283 642 338 bellica
657 287 759 342 virtute
773 287 896 346 domitos

94 367 221 418 errorem
235 365 315 402 suum
326 350 466 416 deponere
480 366 565 418 seque
579 353 614 403 ad
628 352 764 408 ecclesiae
777 359 896 408 societa-

93 425 151 471 tem
165 415 298 484 recipere
312 416 454 484 coegerit?
471 432 541 484 quae
556 420 727 485 apostolicae
741 421 803 472 sedi
818 421 895 473 labo·

93 485 168 537 ranti
187 489 244 536 tam
266 497 351 550 saepe
373 483 544 548 subvenerit,
574 499 689 553 eamque
715 493 896 554 tyrannorum

93 551 242 667 iniquitate
266 557 295 601 et
314 549 416 600 iniuria
443 563 603 615 oppressam
627 554 728 604 nonin
750 553 896 620 pristinam

94 631 140 670 nso
163 632 179 668 o
202 615 230 668 di
270 617 367 668 itatem
383 617 550 676 restituerit,
569 617 619 668 sed
638 624 694 670 tem
708 621 802 674 multis
814 635 912 682 ornas,

94 684 196 748 mentis
215 697 232 732 a
255 683 354 744 ecerit,
377 688 435 731 tam
454 683 540 734 iirmis
563 685 710 749 praesidiis
731 685 895 740 muniveritl

96 749 208 811 Omnia,
227 761 297 816 quae
316 746 350 798 ab
372 747 434 798 aliis
453 745 566 815 regibus
586 757 633 802 aut
651 752 780 818 gentibus
792 754 822 804 in
840 751 894 804 hoe

95 829 200 883 genere
210 820 378 882 gestarunt,
389 815 412 864 si
424 830 506 865 unum
516 816 543 865 in
555 815 646 866 locum
656 817 760 872 collata
773 835 834 871 cum
848 820 895 882 iis,
949 857 953 876 .

95 896 168 950 quae
193 881 283 932 nostri
306 885 466 946 gesserunt,
495 887 700 945 corriperentur,
729 890 758 935 et
779 899 894 949 numero

94 959 193 1000 eorum
212 953 240 998 et
258 945 447 1012 magnitudine
466 945 624 997 obruentur.
658 947 737 1000 Mille
756 951 811 1001 iam
830 951 897 1004 anni

94 1019 161 1066 sunt
185 1019 214 1065 et
233 1013 374 1079 aliquanto
395 1012 544 1078 amplius*)
567 1025 628 1062 euni
648 1013 826 1078 Hlodoveus‚
846 1017 895 1084 qui

94 1087 197 1148 postea
205 1078 376 1130 illudovicus
385 1084 498 1130 vocatus
510 1084 561 1140 est,
568 1078 671 1144 primus
680 1092 776 1146 regum
784 1092 894 1132 nostro·

93 1159 170 1209 rum,
190 1145 306 1198 salutari
324 1145 531 1212 aqus'ablutus,
551 1157 651 1196 nomen
664 1146 692 1196 in
706 1146 809 1199 Christi
821 1148 893 1198 mill-

95 1213 164 1265 tiam
184 1212 268 1264 dedit
303 1210 399 1279 Neque
418 1212 466 1264 diu
484 1216 642 1274 cunctatus,
661 1219 791 1280 suscepto
815 1213 891 1264 bello

95 1281 125 1332 in
144 1277 323 1346 visigothos,
348 1278 583 1345 pertinacissimos
605 1276 755 1332 haereseos
774 1280 893 1332 Arianae

97 1345 275 1409 defensores,
304 1361 353 1396 eos
376 1347 525 1397 eornmisso
546 1345 575 1396 in
597 1343 760 1398 Pictonibus
785 1346 892 1412 praelio

94 1411 172 1476 vi'cit,
182 1426 331 1479 regemque
342 1424 437 1462 eorum
447 1410 585 1461 Alaricum
594 1425 676 1462 manu
685 1427 736 1462 sua
744 1409 894 1464 interfecit.

94 1477 197 1547 Neque
212 1477 299 1528 multo
320 1482 383 1542 post
401 1476 474 1542 haud
487 1478 585 1544 procul
598 1477 749 1546 Burdigala
760 1479 893 1544 reliquias

96 1559 194 1598 eorum
207 1543 329 1596 coniecit
342 1543 371 1594 in
384 1557 494 1610 campo,
514 1547 561 1611 qui
576 1559 654 1598 exeo
665 1546 749 1596 etiam
764 1543 892 1609 hodie**)

94 1626 208 1678 campus
221 1611 337 1662 Arianos
351 1617 475 1662 vocatur.
509 1611 605 1680 ltaque
621 1612 657 1663 ob
665 1612 695 1663 id
711 1611 814 1665 factum
823 1615 892 1667 hne-

92 1679 198 1732 stasius
215 1672 368 1746 imperator
381 1675 495 1730 honoris
510 1693 609 1730 caussa
622 1680 744 1732 tunicam
757 1680 782 1730 ei
792 1693 892 1746 purpu-

92 1759 171 1798 ream
185 1746 256 1809 sirs,
278 1750 308 1795 ut
320 1751 380 1794 tum
391 1744 588 1810 loquebantur,
607 1746 739 1798 blatteam
754 1747 841 1808 misit,
855 1745 891 1796 si·

92 1811 205 1882 mulque
216 1825 347 1862 coronam
358 1825 469 1862 aureum
478 1815 570 1890 magni
581 1813 725 1878 ponderis,
736 1811 893 1866 admirabili

93 1893 180 1948 opere
208 1876 372 1946 perfectam,
402 1877 645 1944 multis,1ngentis
673 1882 755 1947 pretii
776 1881 893 2000 {smmis

92 1945 297 2011 unionibusque
316 1945 513 2006 collocantem,
532 1950 615 2009 atque
637 1959 699 1997 eum
717 1961 767 2014 per
793 1952 892 2014 egatos

92 2027 150 2064 non
168 2013 310 2064 consulem
326 2011 411 2063 modo
426 2025 458 2061 ac
471 2010 630 2075 patricium,
649 2011 700 2064 sed
716 2013 892 2066 defensorem

93 2077 246 2130 Christiani
264 2077 398 2140 nominis,
426 2075 477 2129 sed
494 2076 673 2128 liberatorem
696 2079 818 2145 imperii,
841 2077 893 2132 sed

91 2145 205 2214 generis
214 2143 326 2196 hannani
339 2151 447 2210 patrem
456 2144 579 2194 vocarit:
597 2141 708 2211 felicem
718 2146 892 2210 praedicans,

91 2213 171 2263 cuius
187 2213 360 2278 potissimum
375 2225 456 2262 manu
471 2209 564 2260 divina
580 2207 756 2276 providentia
767 2212 833 2263 illos
847 2225 893 2263 ur·

90 2277 136 2332 bis
145 2278 251 2334 Romae
263 2291 425 2344 eversores,
439 2276 644 2344 provinciarum
651 2283 822 2340 ,vastatorem
837 2277 892 2329 Dei

135 2409 156 2467 ⁹)
173 2411 222 2455 Cle.
234 2409 263 2454 de
273 2409 332 2454 offla
341 2409 373 2455 11.
384 2413 419 2459 21,
427 2408 534 2454 Nondum
543 2410 632 2452 eentum
642 2412 665 2451 st
680 2406 759 2452 decem
769 2408 822 2452 anni
832 2411 892 2457 snat¹

91 2479 142 2513 ears
162 2468 190 2510 ds
207 2466 312 2522 pecuniis
329 2466 463 2522 repetundis
476 2479 490 2508 s
501 2465 530 2513 Β.
548 2463 635 2510 Pisone
648 2461 697 2509 lats
709 2461 750 2507 lex
766 2467 812 2513 est,
828 2461 893 2506 nulls

89 2527 159 2570 antes
169 2535 218 2566 curn
227 2523 317 2578 inisset.

125 2579 158 2634 ¹¹¹)
174 2577 340 2622 Praesentibus
364 2574 518 2628 Qninstilisno
537 2579 560 2620 et
578 2573 631 2622 sliis
652 2575 720 2620 bonis
742 2573 892 2630 scriptor-ibas
932 2571 936 2580 “

108 2637 169 2735 otiien
189 2633 310 2692 hedisqss,
336 2631 379 2690 (ld.
399 2631 490 2686 Tvllio)
510 2631 577 2678 hodie
596 2642 682 2692 qnoque
699 2629 737 2677 rel
755 2629 893 2686 sinpliciter

139 2703 166 2734 ss.
