2156 3008
85 191 88 198 “
175 191 223 241 tro
465 185 619 240 ORATIO
636 187 672 241 Χ.

171 287 386 356 intelligentiam
401 301 509 350 eornm,
529 301 600 356 quae
612 289 642 340 in
654 277 735 353 liniue
754 289 826 340 sexti
835 287 909 340 libri
923 303 971 343 ex·

171 357 323 424 plicatione
343 356 489 407 tradentur
502 382 533 393 —
547 362 640 407 eerttu
660 356 740 422 quasi
759 356 900 408 cancellos
916 357 972 409 eir·

7 437 12 458 ⁴
94 474 117 484 „
172 422 361 476 cumdabimus
376 423 497 473 orationi
511 429 637 484 nostrae,
655 436 771 489 eamque
781 424 839 474 suis
849 425 972 492 regioni-

21 1850 23 1861 1
112 1929 114 1938 .
173 1885 256 1946 fido„

116 545 119 552 ,
171 489 225 540 lans
241 503 275 540 ae
294 488 421 540 terminis
440 489 710 552 circumscribamus,
730 494 761 540 ut
780 488 881 550 abiis,
901 505 990 560 quae·

172 553 353 624 physicorum
366 561 442 618 sunt,
460 555 645 619 abstinentes,
664 571 699 608 ea
712 561 832 618 tantum,
852 557 974 622 quaeest

173 623 874 690 manusnostrnmpropriepertineat,explicemus.
908 622 974 674 lloc

162 689 239 740 -loco
249 701 336 754 prope
346 701 580 754 supervacaneum
591 703 655 740 esse
669 690 778 752 indico,
792 696 889 758 petere
899 705 972 741 avo·
1069 681 1070 702 ¹

173 753 227 816 bis,
238 757 269 805 ut
278 767 321 804 me
330 759 437 805 attente
445 755 579 806 audiatis:
592 762 669 808 certe
679 756 751 808 enirn
760 771 796 807 ea
805 756 883 811 vobis
893 771 973 807 eans-
1069 773 1070 776 ¹

174 835 208 874 sa
216 817 270 871 huc
279 821 408 872 veniendi
418 821 483 884 fait,
492 829 523 873 et
532 827 564 873 ut
573 823 707 875 ridiculas
719 822 805 874 fuerit
816 821 971 886 balneator,

175 889 214 949 si,
251 901 302 938 tros
313 887 425 938 lavandi
440 903 540 940 caussa
551 891 581 941 in
596 889 710 950 balneas
729 891 873 958 ingressos
885 890 971 952 videt,

174 953 236 1006 abe
271 953 366 1005 moltis
375 955 504 1022 precibus
518 961 609 1022 petat,
622 957 768 1019 utlnrent,
790 957 831 1007 ita
840 970 893 1022 ego
903 956 971 1007 milri

172 1019 273 1072 videor
281 1021 416 1074 ridiculus
428 1021 503 1084 iore,
522 1022 597 1089 quod
607 1021 711 1075 iactari
723 1022 777 1074 hnc
791 1022 970 1084 conveniatis,

173 1087 204 1138 id
214 1087 398 1147 slntiaclatis
411 1103 462 1140 ros
475 1102 582 1157 rogem.
618 1091 766 1142 oratorum
779 1091 832 1140 iste
846 1103 906 1140 mos
917 1095 969 1150 ast,

175 1156 235 1222 qui,
254 1155 338 1206 etiarn
348 1169 410 1207 curn
424 1156 598 1224 exploratum
609 1155 723 1220 habent,
742 1171 772 1207 se
786 1157 971 1209 attentissime

173 1222 299 1272 auditum
317 1221 364 1286 iri,
382 1229 474 1275 tannen
494 1225 675 1277 attentionem
695 1230 803 1290 petuntr
822 1238 879 1274 non
897 1222 971 1290 quod

174 1289 971 1424 ‘’ttzfttt‘ttt‘ttt”glittentiil‘t‘ttttt

173 1421 268 1472 Meum
279 1428 322 1474 est
332 1423 435 1485 conari,
447 1430 477 1473 ut
488 1423 585 1474 auditu
595 1421 679 1488 digna
688 1419 823 1481 adieram3
839 1427 972 1484 vestrum,

174 1501 210 1539 ae
223 1502 258 1538 ea
270 1490 476 1554 praetervolare
487 1487 644 1559 patiamini,
666 1485 714 1535 sed
729 1484 839 1550 singula
855 1483 973 1552 diligen.

174 1561 219 1604 ter
236 1556 435 1620 expendentes,
454 1555 564 1620 penitus
584 1550 734 1602 demittatis
753 1550 783 1600 in
802 1550 908 1602 nonnos
928 1567 973 1605 ve·

175 1627 259 1672 atros.
293 1619 376 1683 Mihi,
392 1627 466 1670 utne
476 1619 511 1668 ad
521 1619 562 1678 id,
573 1615 647 1683 qnod
657 1629 778 1666 meurum
788 1619 908 1682 partium
918 1627 971 1682 est,

172 1687 367 1756 praestandum
377 1686 527 1750 imparatus
537 1683 671 1743 venirem,
689 1684 830 1748 provisum
844 1691 900 1750 ost,
919 1703 970 1738 ros
1058 1729 1067 1740 .

174 1767 284 1822 qnoque
297 1752 388 1803 adme
401 1764 455 1816 qne
467 1748 566 1800 soletis
577 1748 750 1816 benignitate
769 1755 798 1802 et
816 1754 969 1804 attentione

173 1819 341 1870 audiendum
354 1817 423 1869 satis
436 1821 576 1884 vestrapte
590 1823 689 1886 sponte
706 1824 819 1886 paratos
832 1834 895 1872 esse
905 1835 969 1872 con-

204 1945 295 2001 r‘in'imi
305 1948 394 2000 nostrl
405 1949 465 2000 sire
476 1949 596 2018 partium
611 1951 670 2003 sive
680 1950 843 2004 facultatum
856 1953 968 2021 biperti-
979 1955 988 1966 '

171 2015 317 2069 indivisio
333 2022 385 2068 est.
421 2015 525 2067 Partim
540 2019 746 2086 eninripsarum
764 2023 872 2072 ratione
890 2032 969 2086 prae·
1069 2041 1070 2056 ι

171 2083 341 2144 (timescat,
364 2085 466 2202 partim
489 2076 606 2138 rationis
626 2093 765 2154 expertes.
800 2089 838 2138 Ac
860 2085 968 2140 ratione

172 2148 282 2216 quidem
296 2163 363 2216 pree

382 2153 436 2202 itas
456 2165 504 2203 ens
523 2167 665 2216 vocamus,
687 2169 757 2222 qnae
775 2168 812 2205 ex
825 2153 898 2204 omni
911 2153 969 2202 eni·
1069 2149 1070 2164 ¹

171 2216 303 2267 mentium
317 2231 419 2285 genere
433 2219 463 2270 in
474 2220 543 2270 solis
559 2219 731 2282 hominihus,
749 2219 863 2270 rationis
875 2223 969 2272 autern
1069 2271 1070 2290 ,

135 2283 145 2302 ‘
172 2287 314 2350 expertes,
326 2301 396 2354 quae
408 2287 490 2338 etiam
501 2287 529 2336 in
538 2285 637 2338 bestiis
647 2295 729 2354 etque
740 2301 774 2338 ex
784 2286 876 2350 aliqua
888 2291 969 2351 parta

172 2349 202 2402 in
215 2350 346 2418 stirpibus
360 2346 543 2419 reperiuntur.
576 2354 705 2404 Rationis
718 2359 845 2418 expertes
860 2353 908 2412 (ab
926 2354 970 2404 eis

174 2417 247 2470 enim
257 2420 380 2471 exordiri
392 2426 421 2471 et
430 2419 464 2470 ab
473 2420 575 2470 infimis
585 2422 664 2488 qiiusi
674 2435 724 2486 pcr
739 2416 840 2486 padus
851 2418 886 2468 ad
898 2435 969 2472 sunr-
1069 2447 1070 2456 ι

172 2499 218 2536 ma
230 2487 400 2538 contendere
413 2486 597 2552 decrevimus)
611 2487 748 2553 duplicem
761 2485 839 2552 ipsae
858 2499 970 2552 quoqne
992 2503 998 2526 ι

171 2549 277 2604 hebent
294 2553 467 2604 varietatem.
499 2552 578 2604 Aliae
602 2554 675 2606 enirn
693 2558 768 2613 sunt,-
795 2566 866 2618 qnae
883 2554 969 2604 vitam
1069 2557 1070 2560 ’

174 2619 328 2681 continent,
341 2621 426 2680 aliae,
437 2632 509 2685 qnae
517 2620 618 2670 animal
627 2621 805 2672 constituunt.
842 2620 920 2682 Quae
930 2619 968 2670 vi-

156 2681 158 2688 ’
173 2692 230 2736 tam
244 2687 399 2750 contirrent,
417 2693 476 2738 tres
490 2693 565 2742 sunt:
585 2700 653 2754 quas
663 2686 712 2737 ille
722 2693 751 2738 et
760 2686 788 2737 in
800 2687 884 2740 rebus
893 2689 967 2738 inre·
1068 2717 1070 2734 .
