2156 3008
379 213 598 307 oanrroxr.
744 205 747 214 ‘
808 215 809 219 ‘
845 221 897 275 sss

80 325 125 380 ‘te
135 321 288 392 Epidauria
301 318 463 389 Arcbiepisc
502 327 548 372 atu
563 320 805 382 cohonestaverit,
820 321 898 374 ticia-
936 312 938 316 ’

96 394 133 446 'de
151 405 220 442 vero
234 391 378 442 absentem
396 390 476 454 reipu
497 389 568 439 licae
583 403 682 438 caussa
694 389 723 439 in
737 389 899 454 augustiani»

95 474 171 512 mum
189 463 219 508 et
235 454 442 510 sanctissimum
467 454 655 506 Cardinalium
680 453 831 526 collegium
852 453 899 506 ad·
970 469 977 480 ·

94 524 221 580 sciverit.

95 625 97 628 -
132 591 189 642 llic
199 603 266 656 ego,
285 589 322 651 si,
336 589 411 655 quod
421 589 522 655 politae
533 586 637 648 solent,
652 587 726 639 idern
739 588 819 640 nobis
832 583 899 655 quu-

99 671 153 726 quc
164 656 258 708 facere
268 657 383 717 liceret,
398 654 565 705 Nestoream
577 653 645 704 mihi
658 655 770 720 aliquod
785 661 832 706 out
841 656 901 706 Um

99 738 185 778 xeum
202 715 380 789 eloquentiae
399 721 501 772 flumen
519 725 656 786 optarem,
674 728 706 772 ut
725 722 900 788 quemadmo-

100 789 167 842 dum
176 804 232 839 una
241 788 425 840 cumhonoris
440 785 655 855 amplificatione
668 794 717 838 tua
729 801 838 854 semper
847 789 900 839 vir·

99 863 147 920 tus
157 857 291 916 accrevit,
306 856 347 906 ita
356 869 421 906 mea
430 867 544 920 quoque
552 854 581 904 in
593 855 779 918 explicatione
790 855 901 906 laudum

100 929 211 975 tuarum
222 923 301 989 quasi
311 935 362 987 per
371 920 474 987 gradus
486 919 662 970 attolleretur
672 927 702 970 et
712 935 741 972 se
752 923 812 988 ipsa
822 935 901 990 pan·
940 969 946 976 ,
971 963 972 966 ,

103 990 167 1040 dior
180 1003 213 1039 ac
226 988 373 1038 sublimior
386 988 467 1038 lieret
481 986 582 1036 oratio.
617 985 675 1036 Vix<
686 987 758 1036 enim
772 986 815 1040 ias
826 987 902 1038 ride·

101 1062 149 1108 tur
158 1053 193 1105 de
202 1055 273 1106 raris
287 1054 484 1120 inusitatisque
497 1051 580 1102 rebus
596 1050 746 1114 dicentem,
758 1053 861 1105 usitato
874 1059 904 1104 et

103 1122 267 1188 quotidiano
286 1135 389 1186 genere
409 1118 546 1170 sermonis
565 1118 614 1168 uti.
651 1117 706 1169 Sed
724 1119 753 1168 in
770 1117 823 1170 bac
836 1133 901 1172 cou-

102 1187 222 1240 scientia
233 1188 379 1240 tenuitatis
393 1200 473 1238 meae
490 1199 545 1234 ona
559 1198 602 1235 me
617 1185 752 1251 cogitatio
766 1185 902 1246 subierat,

104 1253 265 1372 qpodapud
277 1268 327 1305 eos
341 1267 385 1304 nse
399 1254 494 1304 dicere
506 1250 650 1318 intelligo,
670 1251 716 1316 qui
735 1264 827 1300 rerum
842 1267 859 1302 a
871 1257 900 1304 tt

135 1320 235 1370 rinitus
265 1325 390 1372 vestarum
404 1335 459 1370 non
472 1323 561 1368 testes
575 1317 659 1368 modo
675 1331 708 1368 ac
718 1322 901 1383 spectatores,
986 1333 988 1348 ¹

104 1385 156 1438 sed
182 1388 387 1440 existimatores
414 1387 499 1437 etiam
519 1391 549 1436 et
572 1390 753 1435 exornatores
779 1383 899 1436 frenent

102 1451 173 1508 Nan
183 1454 294 1520 quodie
304 1457 348 1514 tot
360 1449 523 1520 amplissimi
538 1458 567 1503 et
579 1451 760 1502 illustrissimi
771 1449 902 1502 cardinia·

101 1519 158 1581 tes,
176 1535 232 1571 non
245 1520 402 1572 inconsulto
418 1519 512 1585 aliquo
527 1525 556 1570 et
569 1515 667 1570 subito¹
681 1520 834 1569 animorum
845 1518 903 1584 pim-

97 1592 181 1656 ‚petu,
201 1585 252 1654 sed
269 1593 334 1651 post
349 1592 506 1638 accuratam
518 1586 548 1635 in
562 1584 687 1636 conclavi
705 1584 813 1651 aliquot
826 1598 902 1636 mens

102 1655 176 1708 sium
186 1652 426 1715 deliberationem,
437 1653 471 1704 ad
481 1651 658 1703 deferendam
670 1652 720 1704 tibi
730 1666 863 1704 summam
872 1652 915 1702 in.

103 1719 227 1774 ecclesia
240 1725 410 1786 potestatem
423 1725 638 1783 consenserunt,
654 1719 754 1770 eodem
768 1719 813 1770 die
824 1722 902 1787 aper*-

102 1787 242 1852 tissimum
259 1786 392 1837 iudicium
411 1786 445 1836 de
470 1793 616 1853 perspecta
635 1786 739 1837 sibiet
758 1787 903 1853 explorata

103 1858 154 1917 tara
167 1854 255 1904 omnis
269 1854 381 1919 generis
394 1853 548 1917 praestanti
563 1857 592 1902 et
601 1853 703 1903 eximia
717 1853 818 1905 virtute
829 1851 902 1904 iece-

103 1925 177 1980 runt.
213 1919 305 1979 Quare
317 1935 373 1970 non
384 1924 427 1970 est
437 1917 603 1979 mirandum,
618 1919 655 1982 si,
668 1925 697 1970 te
707 1920 757 1970 tali
767 1919 902 1972 Ponttlic'e

106 1992 215 2048 creato,
236 1985 368 2038 alfonsus
386 1986 422 2034 ll.
442 1983 587 2036 Ferrariae
606 1983 685 2048 Dux,
710 1988 758 2052 qui
782 1987 903 2038 studiunr

76 2051 83 2077 ⁸
105 2051 243 2119 quoddam
254 2052 418 2105 incredibile
428 2066 496 2119 erga
507 2047 578 2100 banc
590 2058 798 2104 sacrosanctum
808 2053 904 2105 sedena

43 2143 47 2149 ÷
102 2133 123 2170 a
137 2119 289 2170 maioribus
308 2120 366 2170 suis
402 2119 463 2170 uosi
480 2115 806 2185 bereditariumaccepit,
824 2125 933 2178 tanto,
1001 2143 1004 2152 ,

105 2199 141 2240 ta
159 2199 241 2248 exre
255 2182 358 2252 gaudio
372 2201 389 2235 a
412 2189 558 2244 ectusest,
578 2189 709 2250 quantum
725 2199 814 2252 neque
830 2200 903 2248 mea

103 2265 196 2318 aeque
208 2253 370 2318 cuiusquam
380 2252 507 2304 oratione
523 2249 641 2316 exprimi
651 2257 752 2314 potest.
786 2251 857 2304 Nam
868 2251 904 2303 ad

106 2331 155 2370 eas
165 2317 427 2380 laetitiaecaussas,
442 2330 512 2384 quae
525 2329 684 2368 communes
698 2317 754 2381 ipsi
770 2326 905 2370 suntcunr

106 2384 210 2438 ceteris
225 2385 352 2440 omnibus
367 2383 531 2436 Christianis
548 2383 732 2502 principibus,
750 2398 806 2436 non
819 2385 905 2502 parri

76 2468 79 2477 s
105 2451 217 2518 quoque
228 2451 358 2516 ponderis
370 2452 442 2502 aliae
452 2451 596 2503 accedunt.

105 2517 211 2568 clasiae
222 2518 310 2569 cliens
320 2532 382 2568 cum
392 2519 441 2580 sit,
452 2531 548 2568 onmes
559 2531 628 2584 opes
638 2464 829 2568 apppqrpstqqp!
839 2529 905 2568 suas

841 2466 914 2514 ,ee-x

63 2595 64 2599 ’
105 2579 189 2634 buius
200 2591 395 2634 sacrosanctae
410 2584 485 2635 sedis
500 2587 667 2636 auctoritate
678 2585 757 2636 nixas
768 2590 797 2634 et
808 2583 904 2635 funde
976 2581 981 2594 “

106 2654 151 2700 tas
166 2651 258 2716 esse*)
270 2665 325 2701 non
334 2652 459 2718 ignorat,
477 2650 602 2704 utetians
611 2649 665 2703 boc
678 2651 790 2718 nomine
801 2651 906 2718 impen-

130 2725 156 2780 ¹')
173 2727 223 2771 Cis.
237 2727 268 2772 sti
276 2727 356 2784 Ater.
368 2730 401 2772 ld.
415 2725 437 2781 d.
447 2731 470 2774 i·
484 2727 636 2782 Reipublicae
647 2734 739 2784 cuiun,
748 2747 777 2766 ⁶
785 2731 823 2785 qai
836 2731 905 2772 loss·
