2146 3008
205 187 253 242 ns
470 147 752 242 sarriuntur.-

203 285 409 352 eaussss,‹inas
417 288 679 354 tamsnpraeeipuas
687 287 1003 360 mssssmemrsigno-

201 358 339 408 rationem
346 355 521 421 antiquitatis
532 356 874 424 etperversumquoddam
882 359 1002 412 studium

202 422 420 482 contradicendi.
455 423 565 472 Etenim
578 437 640 472 eum
655 428 717 474 tota
732 424 903 488 reipublicae
919 433 1002 492 atque

200 489 432 557 imperiiliomani
440 487 527 539 iacies
535 490 577 540 ita
585 495 758 555 versaatque
766 491 1001 557 insmutotaesset,

200 563 232 608 ut
245 555 348 606 nullum
361 557 497 606 retineret
510 557 614 606 veteris
626 555 734 607 iorsnae
747 558 909 624 vestigium,
929 559 1001 610 aliae

201 622 418 674 eonsuetudines
433 627 539 682 essent,
557 622 629 672 aliae
645 623 736 689 leges,
751 623 807 674 alia
821 622 938 691 religio,
953 627 1000 676 alii

200 689 393 754 nragistratus,
414 688 471 738 alia
487 688 604 750 iudicia,
628 691 767 741 exstineto
786 696 879 740 autem
898 692 1000 743 lumine

200 753 362 805 Latinarum
376 761 407 805 et
420 754 588 806 Graecarum
603 755 771 818 litterarum,
789 759 883 808 omnia
895 757 1001 809 densis·

200 822 278 872 simis
288 821 462 888 ignorantiae
470 820 593 872 tenebris
604 822 713 888 sepulta
723 830 806 888 atque
817 822 917 875 obruta
925 831 1001 875 tene·

200 894 308 939 rentur:
329 887 390 939 tieri
405 887 481 938 nullo
499 888 583 940 modo
597 891 702 954 potuit,
720 891 785 955 quin
799 888 925 942 homines
940 893 1000 942 eius

200 953 370 1020 reipublicae
388 957 399 1006 i
421 956 493 1017 nari,
513 956 591 1006 cuius
610 956 637 1008 ie
659 973 689 1007 es
709 963 737 1008 et
754 957 816 1008 iura
835 957 999 1020 tractabant,
1063 971 1064 980 ¹

200 1027 331 1088 tanquam
344 1023 373 1072 in
381 970 462 1074 ilioni
474 1028 557 1073 nome
571 1022 631 1074 sine
639 971 745 1075 iumine
757 1035 898 1086 errantes,
915 1039 1000 1090 saepe

201 1087 389 1152 offenderent,
409 1103 493 1156 saepe
507 1089 679 1154 laberentur,
699 1105 783 1158 saepe
796 1093 894 1158 quovis
907 1092 999 1158 potius

200 1170 282 1222 quam
307 1171 361 1224 quo
385 1156 564 1208 instituerant
587 1159 772 1225 pervenirent.
806 1159 848 1210 Ad
866 1159 942 1225 quod
958 1158 999 1208 in·

158 1239 162 1244 ’
200 1225 374 1276 commodum
388 1238 449 1276 eum
464 1223 539 1276 uliud
553 1226 721 1278 accessisset
734 1239 767 1277 es
785 1241 869 1292 prava
882 1225 998 1292 quadarn

199 1291 360 1354 ambitione,
371 1306 441 1356 qnae
450 1292 600 1345 multorum
609 1307 645 1344 ex
653 1293 711 1344 illis
721 1293 828 1343 animos
838 1297 999 1357 occuparat,

198 1363 230 1408 ut
248 1359 410 1410 indecorum
428 1364 569 1423 putarent,
589 1362 633 1410 eoi
655 1373 717 1410 uam
735 1361 877 1423 ementiri,
896 1373 929 1409 ae
940 1364 999 1409 turn
1063 1381 1064 1388 κ

199 1422 308 1476 demum
320 1425 471 1542 sibipnleri
483 1439 515 1476 ao
524 1425 601 1474 beati
609 1375 654 1476 vig

656 1431 779 1486 arentur,
790 1426 815 1475 si
825 1426 1000 1490 superiorum

198 1491 303 1557 placita
312 1493 375 1542 iube
388 1497 481 1543 estare
492 1506 524 1542 ee
533 1490 707 1550 subuertere,
717 1491 771 1555 ipsi
781 1497 873 1540 autern
883 1490 1000 1558 aliquid,

199 1559 274 1623 qued
283 1565 346 1609 ente
359 1572 389 1608 se
399 1571 479 1608 nemo
490 1556 615 1618 dixisset,
625 1555 726 1605 afferre
737 1555 906 1618 potuissent,
919 1558 1001 1623 quasi

199 1623 306 1674 olavum
313 1624 413 1682 «elevo,
427 1623 468 1671 sie
478 1620 636 1684 opinionem
647 1620 777 1684 opinione
787 1617 947 1683 trudentes,
962 1638 1000 1674 eo

197 1691 310 1742 endan
323 1703 382 1738 rem
395 1687 592 1750 perduxerunt,
608 1690 649 1744 ut,
665 1698 726 1734 enm
738 1690 881 1748 receptum
896 1687 950 1747 sit,
969 1691 1002 1740 in

198 1755 282 1806 rebus
292 1751 447 1816 iudieandis
458 1761 628 1799 communem
638 1751 817 1816 interpretum
830 1753 1002 1808 sententiam

143 1841 144 1846 ¹
197 1819 366 1886 sequendam
377 1829 452 1877 esse,
463 1828 671 1880 saepenumero,
682 1831 752 1885 quae
762 1817 790 1868 in
800 1817 924 1884 piures*)
934 1834 1001 1886 pro.

199 1888 265 1938 bata
274 1885 323 1946 sit,
333 1885 361 1932 in
372 1888 449 1933 tanta
459 1881 646 1950 discrepantia
657 1900 689 1936 ae
703 1887 837 1938 varietate
847 1885 998 1954 dubitetur.

200 1952 305 2005 Scitum
320 1955 412 2002 autem
427 1956 483 2013 est,
500 1951 575 2017 quod
590 1954 629 2005 ait
642 1952 736 2017 Plato,
751 1967 861 2020 semper
874 1955 951 2006 inter
967 1969 999 2006 se

200 2017 357 2070 consentire
368 2018 489 2085 eos,qui
498 2017 602 2086 aliquid
613 2022 711 2073 seiont.
745 2019 816 2072 Nam
828 2019 999 2088 nequeseiri
1063 2041 1064 2052 ¹

107 2087 113 2100 ’
198 2089 295 2153 potest
306 2081 361 2136 nisi
374 2086 448 2152 quod
462 2101 556 2137 verum
570 2094 625 2151 est,
639 2103 728 2158 neque
741 2089 771 2140 in
784 2102 892 2158 quaque
906 2101 938 2141 re
952 2102 999 2139 ve·

198 2167 259 2206 rum
270 2165 333 2204 esse
343 2152 459 2218 amplius
469 2168 524 2206 uno
534 2161 636 2220 potest.
695 2210 697 2214 ,

233 2219 302 2282 lum,
311 2220 385 2287 quod
396 2223 518 2284 seeundo
528 2219 592 2273 loeo
602 2222 695 2289 posui,
706 2222 807 2274 multas
817 2235 900 2288 saepe
911 2220 945 2272 ab
956 2221 999 2272 eis

199 2287 352 2340 inculcatas
366 2289 557 2355 quaestiones,
574 2305 663 2356 neque
677 2291 744 2342 iuris
758 2290 848 2342 civilis
859 2288 999 2354 proprias,

200 2369 290 2422 neque
301 2355 388 2418 adid,
405 2355 478 2434 quod
488 2358 515 2406 in
526 2357 650 2407 manibus
662 2363 733 2419 erat,
753 2356 811 2407 ulio
821 2356 905 2407 modo
913 2355 1000 2420 perti-

202 2428 312 2474 nentes:
333 2423 362 2474 iu
376 2437 442 2488 qum
458 2437 552 2472 rerum
570 2424 618 2484 sit,
639 2422 750 2474 dubium
764 2421 865 2474 nemini
879 2436 1000 2487 unquam
1063 2437 1064 2448 ¹

203 2488 325 2542 futurum
339 2494 394 2552 est,
408 2487 458 2556 qui
470 2488 565 2540 eorum
578 2490 681 2556 scripta
693 2489 738 2541 rel
747 2501 801 2558 per
812 2495 999 2550 transennam,

240 2591 261 2646 ·)
276 2589 312 2632 Aul
326 2587 497 2634 similitudinem
507 2586 615 2632 formnlss
628 2589 653 2633 in
666 2589 752 2646 melgor.
769 2588 841 2633 Cicer.
851 2585 934 2630 Parati.
945 2599 1000 2642 pro·

204 2657 261 2688 uem.
272 2646 317 2700 §.2
333 2646 390 2687 Cato
399 2647 423 2685 st
432 2655 459 2686 es
469 2647 550 2696 sentit,
562 2659 618 2701 quse
625 2659 670 2690 uon
679 2658 733 2690 saus
742 2645 866 2702 probantur
875 2641 899 2687 tn
908 2644 998 2700 ulgus,
1063 2687 1064 2692 ,

204 2705 230 2744 st
237 2702 261 2746 in
270 2713 297 2744 ss
305 2705 342 2744 ast
350 2699 439 2744 haeresi
448 2704 492 2744 ste.
