2156 3008
191 207 225 262 ⁹8
478 203 631 258 orario
649 203 701 257 lx.

191 305 333 377 potentius
352 309 400 358 aut
417 305 566 368 infirmius,
589 310 638 357 aut
656 305 718 372 plue
736 313 786 358 aut
805 307 896 361 minus
914 310 991 364 iusto

193 381 248 438 est,
276 379 325 426 aut
344 387 375 424 se
394 387 411 424 a
429 374 621 424 communione
645 379 800 424 ceterorum
822 391 903 443 segre
925 381 992 442 erit,

192 439 383 493 conflictamur
412 440 498 490 variis
520 439 625 490 morbis
647 439 813 505 tandemque
835 441 990 496 interimus.

194 508 256 570 Qua
271 507 306 558 de
322 521 353 558 re
375 505 508 574 principis
527 505 698 556 medicorum
717 505 896 573 Hippocratis
915 511 945 564 iu
956 509 990 561 li·

192 574 268 625 bello
280 573 315 624 de
328 578 427 623 namna
444 570 594 636 hominis*)
610 569 679 622 haee
692 571 778 623 verba
791 580 868 625 suut.-
887 574 926 626 Co
959 591 990 627 es

129 645 132 653 '
193 637 307 690 tamisis
328 635 455 689 hebetia
474 654 502 688 se
519 637 676 706 sanguinem
694 643 722 688 et
734 638 862 705 pituitam
874 641 928 692 etl
948 657 990 694 em

193 707 306 757 deorum
323 717 466 772 generem,
478 703 582 770 flavam
595 712 622 756 et
637 703 667 754 π’
701 718 758 755 am:
776 721 808 756 es
821 706 855 759 iis
872 707 990 759 omnibus

192 770 274 839 ipsius
290 785 321 822 ca
356 769 581 832 emanaturaest,
596 768 634 822 eis
643 719 700 838 ΛΨ

193 837 297 889 valeat·
351 851 397 888 ene
414 835 501 905 igiter
513 837 595 898 valet,
616 851 676 888 eum
689 851 721 888 ee
733 839 868 891 moderate
881 839 951 890 inter
962 855 991 890 se

194 901 296 972 affecta
317 911 381 954 sunt
404 901 640 969 attemperatione
659 909 686 953 et
703 911 839 970 potestate
858 914 886 957 et
903 905 990 972 eopia,-

193 969 358 1038 maxe'meqee
372 969 397 1021 si
427 969 614 1030 metatoriam
631 969 810 1033 doletautem,
828 988 887 1024 eam
899 987 990 1024 eorum

142 1063 146 1080 ·
192 1035 303 1104 aliquod
314 1043 363 1087 aut
375 1052 397 1104 p
407 1042 436 1088 ies
450 1042 500 1087 eat
511 1035 596 1088 minut
610 1042 660 1098 eat,
676 1044 726 1087 eut
737 1035 766 1088 ta
781 1052 891 1104 corpore
904 1053 989 1088 secre-

192 1111 261 1166 tum,
281 1117 365 1170 neque
379 1102 546 1159 remerteria
561 1101 680 1154 amnibus
695 1109 876 1172 temperatum.
909 1103 990 1156 llaec

191 1169 372 1238 Hippocratis
389 1169 496 1222 verbai
517 1185 549 1221 sa
567 1169 705 1238 expressi,
724 1185 760 1223 ex
778 1171 875 1238 quibus
888 1169 991 1221 intelli·
1073 1215 1074 1238 ,

193 1235 298 1306 glmus,
326 1237 357 1287 iu
384 1185 597 1306 aequabilitate,
622 1237 700 1289 ouius
728 1235 857 1290 effectrix
882 1237 991 1288 iustitia
1073 1253 1074 1260 ¹

193 1309 246 1365 est,
276 1303 357 1355 sitam
383 1317 446 1355 osse
472 1303 574 1355 bonam
601 1303 727 1370 eorporis
754 1305 990 1355 constitutionem.

193 1367 294 1442 Sedne
306 1371 464 1437 aliquidem
476 1384 576 1436 eorpus
589 1369 696 1420 utiliter
709 1383 741 1418 ac
756 1369 916 1420 salutariter
928 1370 991 1420 sine

192 1437 287 1506 aliqua
313 1437 434 1505 imagine
462 1436 587 1486 iustitiae
620 1438 723 1500 potest.
757 1433 819 1484 Nisi
845 1437 917 1483 enim
945 1435 991 1486 rie

192 1504 286 1571 aliqua
303 1504 353 1566 sit,
373 1517 443 1570 quae
463 1507 492 1554 et
503 1503 608 1553 siecum
622 1505 651 1549 et
663 1495 805 1548 humidum*
821 1498 992 1566 alimentum,

192 1569 241 1622 ubi
262 1569 318 1620 iam
337 1577 445 1622 coctum
464 1573 547 1633 atque
568 1563 725 1615 conlectum
744 1568 772 1612 et
786 1563 814 1613 ln
829 1577 941 1616 succum
955 1581 990 1618 ae

193 1651 242 1688 san
283 1638 356 1688 inem
375 1646 538 1685 conversum
556 1634 611 1691 eet,
641 1627 823 1693 aequabiliter
842 1629 993 1686 distribuat

193 1715 227 1754 aa
266 1703 272 1716 “
290 1703 404 1770 pertint,
422 1703 504 1763 atque
517 1697 548 1747 id
560 1691 636 1761 quod
654 1694 756 1760 cuique
766 1697 840 1762 parti
855 1704 947 1765 aptum
961 1707 991 1752 et
1065 1737 1075 1752 n

193 1767 430 1821 accommodatum
448 1767 503 1824 est,
523 1767 553 1812 et
571 1764 702 1828 quantun
720 1775 789 1878 opus
803 1770 859 1827 est,
876 1765 990 1829 tribuat,

76 1828 79 1836 ’
113 1867 115 1870 -
194 1849 284 1901 neque
303 1833 372 1883 aliae
395 1833 488 1895 partes
510 1826 631 1880 tumidas
651 1833 680 1878 et
697 1840 728 1878 re
749 1831 896 1894 undantes,
921 1833 991 1886 allae

170 1949 173 1954 .
195 1900 344 1952 exhaustas
362 1902 391 1947 et
408 1899 520 1945 enectos
533 1907 596 1946 esse
609 1893 741 1960 patiatur:
757 1895 841 1949 facile
859 1899 992 1965 intelligi·

195 1969 297 2034 gimus,
308 1963 446 2016 'baeetam
456 1959 626 2012 admirabilia
642 1961 749 2013 fabrica
765 1967 889 2032 eorporis
903 1965 991 2020 nostri

195 2037 325 2100 quautam
344 2025 549 2082 deformitatem
567 2027 695 2080 habitura
714 2035 841 2098 atquem
860 2033 915 2082 aito
936 2031 993 2082 rui-

131 2106 135 2113 “
195 2105 258 2150 tura
276 2097 322 2148 sit.
357 2097 443 2164 Atque
461 2093 579 2150 baetin
597 2097 769 2176 eor-poribus.
806 2098 878 2159 Quid
891 2099 920 2146 iu
934 2099 992 2149 aui-

195 2162 264 2216 misl
281 2169 410 2232 quantum
419 2160 555 2214 honorum
565 2178 582 2212 a
591 2161 709 2224 iustitia,
720 2170 849 2230 quantum
857 2162 993 2216 malorum

194 2230 232 2283 ab
245 2231 383 2282 iniustitia
396 2229 468 2281 ellici
482 2229 611 2282 creditis!
628 2228 659 2280 ln
673 2231 771 2296 quibus
785 2243 844 2280 cum
859 2243 923 2294 pars
936 2245 994 2283 uua

197 2298 248 2360 sit,
258 2311 313 2366 qua
321 2297 519 2365 intelligimus,
526 2309 581 2362 qua
589 2296 795 2357 ratiocinamur,
806 2309 859 2360 qua
867 2297 994 2361 proxime

196 2365 233 2419 ad
243 2363 363 2417 divinam
380 2372 505 2416 naturam
518 2361 688 2425 accedimus3
706 2362 805 2423 altera,
826 2376 896 2426 quae
909 2363 995 2416 ratio·

107 2439 115 2450 ‘
153 2424 157 2434 ’
197 2431 490 2500 nisipsaquidemper
500 2441 531 2480 se
542 2428 679 2494 particeps
694 2431 814 2488 nonest,
829 2428 877 2478 sed
889 2428 994 2482 obtem·

218 2512 296 2551 erare
305 2506 398 2552 mmor
406 2497 511 2549 rationi
525 2499 630 2561 potest:
646 2509 707 2544 eum
721 2493 794 2560 quod
808 2491 869 2552 lieri
882 2496 926 2547 ius
940 2503 994 2559 est,

198 2513 228 2619 fd
244 2567 287 2634 tit,
306 2565 362 2618 lroe
380 2570 437 2628 est,
454 2577 516 2614 eum
534 2574 598 2627 pars
612 2560 662 2611 illa
676 2559 803 2624 superior
817 2560 946 2630 imperat,
966 2569 995 2614 et

197 2641 328 2702 tanquam
337 2630 458 2684 habenas
468 2635 566 2679 tenens
581 2641 690 2678 eurtum
699 2625 785 2694 regit,
805 2635 883 2696 paret
897 2631 994 2688 altera,

173 2729 174 2732 =
226 2705 248 2761 ¹)
263 2703 330 2750 Tou.
338 2703 358 2747 1.
368 2715 419 2760 pag.
428 2703 476 2745 85².
485 2711 517 2753 sq·
529 2697 565 2741 ed.
573 2695 665 2742 tenera

1040 202 1041 205 ,
1060 184 1070 204 ἢ

672 775 695 834 t,
709 777 739 822 at
748 778 775 823 et
791 773 915 832 detentet
927 773 990 826 lene
1071 775 1072 802 r
