2146 3008
370 203 523 258 orario
541 202 654 256 XXVI.
867 202 919 257 269

119 304 325 360 catholicorum
335 305 496 368 multitudo,
513 307 582 371 quos
594 303 643 356 ilie
654 301 780 368 fovebat,
792 304 919 358 consola·

118 375 213 436 batur,
243 373 420 441 protegebat;
447 387 562 439 quorum
585 371 705 422 omnium
728 386 790 435 arx,
812 379 919 440 portus,

117 441 301 509 praesidium,
320 439 480 510 perfugium
501 444 572 500 erat;
591 454 608 488 a
627 439 725 504 quibus
743 454 799 489 non
814 445 921 490 tautum

119 508 193 558 mala
202 508 288 558 multa
297 506 470 558 imminentia
479 503 599 572 depulit,
614 506 664 556 sed
674 504 771 556 effecit
780 506 878 568 etiam,
890 510 923 563 ut

120 574 207 626 muita
221 575 331 636 daurua,
353 588 423 640 quae
444 575 485 624 eis
505 573 570 624 data
589 578 679 635 erant,
699 573 921 640 restituerentur.

122 638 164 690 0b
180 654 249 706 quae
264 639 370 702 merita,
391 641 437 690 ubi
454 639 571 706 primum
585 653 620 690 ex
633 639 732 706 Anglia
744 639 872 699 revertit,
893 637 922 688 in

120 708 243 758 sanetius
255 713 337 774 atque
350 707 467 758 interius
478 706 565 772 Regis
575 707 721 757 eonsilium
732 705 857 757 adlectus
868 710 921 755 est·

121 771 223 826 Secuta
236 773 340 839 legatio
352 773 473 834 Veneta,
489 773 517 822 iu
532 787 586 838 qua
602 787 656 822 uon
670 779 775 823 tantum
790 771 861 838 Regi
876 786 921 821 cu·

120 839 303 890 mulatissime
314 838 466 900 satisfecit,
480 838 530 888 sed
541 837 624 887 ctiam
634 839 691 888 illis
707 839 921 905 sapientissimis
944 873 948 882 .

121 905 250 958 Patribus
269 906 469 969 universaeque
487 901 612 954 Venetae
632 905 737 953 civitati
756 904 922 956 iucundissi-

122 987 194 1024 mam
212 971 345 1020 virtutum
364 983 475 1019 suarum
497 968 658 1030 memoriam
678 969 800 1036 reliquit.
838 971 923 1021 Cuius
941 1022 944 1028 ,

121 1037 272 1103 legationis
287 1035 398 1101 expleto
414 1040 552 1100 tempore,
573 1036 671 1084 cumin
682 1035 772 1086 aulam
781 1034 923 1097 rediisset,

122 1104 196 1153 iuter
216 1107 330 1167 togatos
352 1099 439 1166 Regis
463 1101 639 1151 consiliarios
664 1107 692 1150 et
714 1101 871 1168 tranquillis
895 1107 925 1153 et

122 1167 240 1219 turbidis
251 1166 333 1216 rebus
344 1182 413 1217 uuus
424 1181 532 1234 semper
542 1181 560 1221 e
567 1167 736 1234 principibus
748 1167 811 1230 tuit,
823 1173 924 1219 euni-et

123 1234 251 1300 doctriua
261 1239 290 1284 et
300 1248 350 1284 usu
360 1247 451 1283 rerum
462 1239 490 1285 et
517 1232 647 1283 radentia
656 1234 821 1296 excelleret,
832 1248 922 1300 neque
954 1279 955 1282 ,

122 1300 177 1354 sibi
191 1300 339 1367 quidquam
357 1305 468 1366 praeter
483 1315 621 1351 sincerum
631 1299 685 1350 Dei
699 1301 815 1362 cultum,
832 1301 922 1366 digni-

10 1383 13 1402 *
72 1425 79 1431 ,
121 1373 208 1420 tatem
223 1374 252 1417 et
268 1365 415 1417 utilitatem
428 1367 547 1433 regiam,
567 1367 762 1420 allevationem
776 1369 923 1418 reratitot

123 1433 431 1499 acerbitatibuspopuli,
438 1433 465 1482 in
476 1433 739 1484 dicendasententia
749 1435 924 1501 propositum

123 1498 247 1552 baberet.
281 1498 505 1551 inde‘subiinem
517 1501 740 1552 annianuxxnr.
766 1501 875 1568 legatus
886 1500 921 1552 de

122 1568 206 1641 rebus
224 1567 394 1635 gravissimis
413 1567 487 1617 etad
504 1583 637 1618 summum
651 1568 817 1620 Pontificem
839 1575 868 1619 et
886 1566 923 1620 ad

97 1641 104 1658 ⁴
121 1634 216 1702 pleros
237 1649 270 1685 ue
280 1633 378 1686 ltaliae
388 1633 531 1700 Principes
546 1635 680 1702 quaesibi
694 1636 922 1700 mandataerant¹¹

121 1701 265 1753 illatotres
276 1709 391 1768 experta
405 1701 459 1754 tide
470 1717 502 1752 ac
517 1703 683 1755 dexteritate
698 1703 844 1770 transegit.
878 1702 922 1752 iu·
956 1739 961 1746 .

122 1773 213 1830 terea,
244 1783 305 1820 eum
329 1767 431 1819 Gallici
454 1770 588 1821 tumultus
611 1777 749 1836 utcunque
772 1767 922 1836 compositi

122 1833 295 1896 viderentur,
314 1836 414 1884 missus
429 1840 472 1884 est
484 1850 500 1884 a
513 1835 590 1902 Rege
604 1837 639 1886 ad
652 1838 804 1888 ilenricum
816 1836 923 1904 Regem

122 1897 149 1952 N
151 1913 273 1961 avarrae,
284 1899 331 1965 qui
341 1905 406 1948 tunc
415 1899 444 1947 in
453 1901 600 1964 Aquitania
610 1910 677 1964 erat,
688 1910 719 1954 ut
728 1919 790 1954 eum
801 1903 922 1954 auetori-

122 1970 181 2015 tate
192 1979 224 2014 ac
237 1964 396 2030 praesentia
409 1979 460 2014 sua
473 1965 501 2014 in
516 1967 606 2016 officio
622 1971 786 2022 contineret.
822 1970 922 2030 Quam·
951 1981 955 1984 ·

123 2045 204 2098 quam
216 2035 307 2080 autem
316 2029 398 2080 vitari
407 2029 483 2080 nulio
493 2033 576 2082 niodo
586 2034 689 2098 potuit,
701 2037 765 2100 quin
775 2050 846 2086 anno
857 2041 923 2101 post

122 2111 211 2150 novae
234 2096 331 2148 turbae
355 2096 572 2162 concitarentur,
600 2105 705 2150 tantum
730 2106 821 2151 tamen
841 2099 923 2154 Pauli
960 2135 961 2138 =

120 2163 205 2217 Foxii
216 2164 317 2216 virtute
333 2162 487 2228 perfectum
501 2171 557 2226 est,
574 2172 616 2226 ut,
637 2181 697 2216 eum
712 2167 922 2234 quibuscunque

122 2229 186 2282 ullis
202 2231 230 2282 in
240 2229 311 2281 locis
327 2227 529 2280 baereticorum
543 2225 629 2282 factio
643 2236 784 2298 potentior
795 2241 866 2298 erat,
882 2234 923 2286 di·

112 2297 179 2350 .vini
191 2296 280 2349 cultus
291 2311 325 2346 ne
335 2296 455 2362 vestigia
470 2298 579 2362 quidem
595 2299 828 2364 relinquerentur,
845 2316 923 2352 erer-

121 2370 248 2418 terentur
265 2363 381 2429 templa,
400 2363 561 2416 sacerdotes
579 2365 770 2418 crudelissime
784 2369 921 2419 contruci-

123 2431 266 2494 darentur;
284 2431 379 2496 Agim,
397 2444 467 2497 qnae
480 2430 545 2482 urbs
564 2434 712 2484 seeundum
726 2433 912 2502 Burdogalam

122 2500 145 2550 Δ
165 2497 286 2549 uitaniae
297 2497 480 2563 principatum
495 2499 614 2562 obtinet,
628 2507 656 2550 et
670 2499 697 2550 in
708 2507 769 2551 toto
783 2515 817 2551 eo
831 2510 923 2558 tracta

121 2514 205 2618 redens
217 2563 316 2615 divinis
326 2562 414 2615 iibere
426 2579 511 2630 opera
520 2566 640 2627 daretur,
649 2575 753 2618 starent
763 2575 838 2620 sarta
848 2577 923 2621 tecta

122 2629 234 2697 templa,
243 2631 403 2683 sacerdotes
415 2631 448 2682 ab
460 2633 533 2683 omni
545 2635 712 2686 contumelia
722 2641 749 2688 nt
760 2635 860 2686 iniuria
869 2637 921 2686 tuti

123 2697 228 2759 ioreut,
255 2711 351 2750 sacrae
373 2713 406 2748 ac
430 2697 584 2753 catholicae
609 2703 759 2756 conciones
785 2719 923 2772 uunquam
