2146 3008
159 122 258 212 ‘roo
488 141 743 201 ounrroxrx.
823 139 846 205 ,’
985 224 1025 250 Η

141 284 148 301 ,.
186 232 291 311 populo
315 255 366 294 suo
387 255 492 310 poenas
514 239 645 313 repetere
667 247 847 304 decrevisset.
887 254 942 308 Sed
970 272 986 310 o

188 308 548 363 caecabominumiudiciul
567 328 583 364 o
598 314 726 367 abstrusa
740 324 768 368 et
780 321 985 377 reconditsDei
1058 357 1059 386 r

187 377 317 428 consilini
336 377 517 430 obonitutern
526 395 560 430 ac
570 379 745 436 clementiam
754 385 841 453 ipsius
851 399 985 459 perpetuo
1058 387 1059 416 r

173 441 412 510 praedicandum!

219 509 293 561 Vere
302 510 438 562 Dominus
453 517 510 575 est,
527 513 573 580 qui
587 514 715 568 vulneret
728 523 757 568 et
768 519 908 586 medetur3
926 538 984 591 per·

186 577 266 636 cutit,
278 582 307 626 et
316 591 412 627 manus
423 579 484 629 eius
494 581 643 646 sanabunt3
663 585 710 650 qui
720 587 872 639 mortificat
882 597 911 640 et
919 592 983 642 viri·

185 643 320 708 ficat;qui
329 643 441 695 deducit
450 645 485 695 ad
495 645 602 698 inferos
613 655 642 699 et
650 649 768 703 reducit.
803 653 859 705 Pro
869 663 985 723 paterna

184 708 600 780 wanrise1·icordia‚castigans
613 717 683 766 casti
704 721 834 784 avitnos3
853 723 904 773 sed
913 739 982 776 mor·

183 775 207 825 ti
216 788 271 825 non
282 774 396 826 tradidit
406 790 466 827 nos.
500 779 636 846 ¹Respexit
647 733 754 836 aulam
784 801 847 858 flas,
864 790 900 840 ad
915 790 982 842 ieiu-

183 839 241 902 nia,
259 839 294 890 sd
312 841 519 910 eleemosynas,
539 847 575 898 ad
586 862 683 913 preces
700 865 748 902 ecc
762 854 836 904 esiue
850 871 930 914 suae:
947 859 980 908 ad

201 921 253 957 uae
277 909 369 959 oninia
386 908 453 961 Pius
463 910 497 962 V.
517 918 546 964 et
564 915 675 966 nomine
695 924 724 968 et
742 933 780 970 re
792 920 982 974 sanctissimus

181 921 322 1046 {ontilern
332 980 393 1028 toto
404 977 454 1027 illo
465 985 599 1044 tempore,
610 982 682 1034 alios
691 998 786 1038 omnes
797 995 979 1056 etpraecepto

183 1045 211 1090 et
224 1041 350 1107 exemplo
364 1058 416 1094 suo
428 1043 572 1097 incitabat.
606 1047 648 1100 En
664 1065 749 1103 senex
765 1055 939 1107 sanctissime
953 1064 981 1115 et

180 1111 305 1158 veterum
316 1109 428 1161 illorum
439 1110 605 1164 Pontificum
619 1117 774 1183 simillime,
790 1122 926 1172 scelerum
939 1122 981 1173 ul-

181 1178 237 1235 tor,
252 1175 376 1228 iustitiae
396 1177 500 1239 cultor,
520 1183 623 1234 veteris
641 1184 980 1252 disciplinaerestitutor,

181 1241 238 1303 cul,
251 1241 325 1293 bono
336 1244 463 1310 publico,
479 1243 523 1298 bis
537 1249 647 1301 miseris
657 1265 690 1302 ac
700 1252 866 1306 turbulentis
876 1261 981 1321 tempo·

146 1305 149 1318 '
179 1306 270 1372 ribus,
284 1311 431 1362 ecclesium
439 1324 516 1364 suom
527 1316 733 1381 gubernandam
744 1321 980 1374 commisitlleusr

180 1371 226 1426 bic
236 1376 393 1429 esttruetus
404 1379 587 1446 lacrymarum
598 1389 680 1449 atque
691 1386 980 1440 obsecrationumtue·
1058 1425 1059 1460 ;

179 1455 249 1492 rum.
285 1445 339 1496 Tui
349 1444 430 1496 lletus
442 1456 607 1512 pepererunt
616 1450 697 1502 nobis
707 1449 761 1500 boc
770 1454 914 1518 gaudium,
930 1461 982 1506 tua
1058 1479 1059 1488 ι

180 1511 343 1574 quotidiano
352 1513 491 1563 sacrificia
501 1511 571 1564 banc
582 1516 662 1566 nobis
677 1515 763 1566 allec
774 1519 921 1572 victoriam
929 1524 982 1572 irn-

179 1582 331 1643 petrorunt.
364 1577 449 1628 Motis
469 1579 623 1639 exsultans,
641 1581 714 1643 quod
727 1579 889 1646 lacrymans·
898 1588 982 1638 semi.
1058 1595 1059 1611 ι

178 1645 262 1695 nesti.
297 1645 337 1694 Te
357 1656 429 1692 novo
442 1643 543 1706 Moyse
561 1657 657 1692 manus
674 1644 702 1693 in
722 1646 832 1696 coelum
849 1648 983 1718 tollente,

90 1711 94 1716 '
178 1725 267 1760 novus
279 1708 323 1760 bic
333 1707 415 1756 losue
426 1707 777 1771 superabatrlmalecbitas.
805 1713 849 1763 'l'u
858 1721 984 1773 mentem
1058 1779 1059 1784 Ἰ

178 1776 207 1828 in
217 1776 292 1836 Deo,
303 1773 392 1824 nostri
400 1772 503 1822 milites
512 1773 541 1822 in
552 1772 732 1827 barbarorum
745 1780 909 1848 corporibus
921 1785 984 1839 tela

179 1842 309 1909 figebant.
350 1835 555 1891 Conlirnrabant
582 1841 693 1894 illorum
722 1843 854 1900 dexteras
880 1863 982 1914 preces

179 1914 256 1966 tuae,
272 1911 300 1956 et
312 1901 455 1956 hostilium
465 1905 622 1990 gladiorum
634 1912 775 2030 οιιιΒίᾱιιιιι
785 1915 980 1970 retundebant.

111 2001 114 2012 ‹
177 1971 273 2089 {mute
287 1977 395 2090 1ἓιιιιιιιο
415 1973 479 2040 plus
495 1976 577 2028 nobis
593 1977 672 2030 dedit

315 2054 346 2090 os
360 2039 450 2093 timidi
463 2049 529 2096 vota
538 2043 723 2110 faciebamus,
736 2054 767 2099 ut
796 2049 898 2101 ostium
909 2051 981 2102 olas-

710 1995 760 2032 eus
773 1997 854 2100 zoam
866 1983 980 2048 peteba-
1058 1983 1059 1992 ’

178 2105 232 2168 sis,
247 2121 308 2158 cum
318 2106 466 2162 adventare
476 2118 598 2164 nostram
609 2113 733 2166 auditum
743 2111 830 2178 esset',
843 2132 924 2184 quam
934 2131 979 2169 ce·
1058 2173 1059 2182 ,

178 2171 288 2224 lerrimc
311 2189 341 2225 se
362 2175 397 2227 ad
416 2193 483 2234 suos
501 2181 653 2248 reciperet:
671 2197 724 2248 quo
744 2188 809 2248 post
826 2189 870 2234 tot
888 2185 978 2236 editas

179 2246 288 2308 strages
306 2242 432 2296 timuisse
442 2251 535 2298 tamen
546 2255 575 2298 et
587 2255 750 2314 exspectare
760 2264 829 2302 ausa
844 2263 901 2303 nou
914 2265 979 2302 esse

173 2317 336 2362 nostrorum
345 2311 477 2378 impetum
488 2313 638 2368 videretur.
672 2315 742 2368 Num
752 2313 823 2369 illud
832 2331 918 2383 prope
929 2317 979 2378 im2

177 2378 316 2428 modicum
328 2378 473 2430 videbatur
481 2388 594 2446 optare,
607 2388 638 2433 ut
654 2388 683 2434 et
698 2383 935 2451 congrederentur
949 2391 980 2436 et

178 2458 208 2497 se
218 2443 344 2508 barbari,
356 2452 514 2496 nostrorum
528 2449 631 2498 virtute
646 2450 772 2515 cognita,
782 2451 812 2501 in
825 2448 920 2528 lugam
931 2451 979 2502 da·

39 2493 40 2500 ἵ
104 2533 106 2538 ·
176 2511 248 2564 rent.
278 2513 360 2574 Quod
369 2514 394 2564 si
405 2512 439 2564 od
450 2513 621 2568 efficiendam
632 2515 906 2584 aliquamimagrnem
916 2531 978 2584 spe-

178 2579 303 2647 eiemque
316 2581 466 2649 victoriae,
481 2581 588 2650 aliquot
597 2583 708 2645 illorum
723 2600 808 2636 naves
818 2583 978 2650 depressae,

151 2686 154 2692 .
178 2645 401 2718 aliquoteoptae,
411 2665 541 2702 nunterus
552 2651 653 2720 aliquis
663 2653 833 2721 captivorum
842 2651 978 2709 liberatus
1058 2709 1059 2714 ,
