2146 3008
187 195 236 248 son
466 163 622 248 oa'nrro
639 194 736 248 xxv.
797 191 807 200 ·

186 297 339 366 copiosiori
348 297 539 366 indulgentes,
549 296 655 349 malunt
665 303 810 366 aegrotum
821 314 884 352 cum
895 300 931 352 aii
951 316 987 356 aa

185 372 264 436 parte
284 367 375 417 morbi
392 365 480 426 alere,
500 379 582 432 quarn
604 371 749 432 utrumque
769 366 852 418 simui
866 318 985 421 emeffiio

184 433 296 484 tollore.
331 432 432 484 Maluit
445 433 532 498 igitur
542 437 570 482 et
582 433 681 498 ipsein
692 439 770 484 tanto
780 438 891 501 teneque
902 437 986 486 mani·
1046 461 1047 482 1

184 499 259 552 festo
271 500 401 550 interitus
412 499 540 566 periculo
551 499 661 564 eiparti
670 513 795 561 suorum,
812 516 883 568 quae
898 501 986 554 adhuc
1046 509 1047 512 ’

184 572 354 635 superesset,
364 568 521 634 ignoscere,
534 581 617 633 quam
628 567 814 629 committere,
824 574 856 619 ut
864 568 940 619 brevi
951 583 985 620 ne

184 639 364 700 superessent
386 633 509 698 quidem,
539 631 638 698 quibus
658 633 828 698 ignosceret.
863 633 986 700 Cumque

182 699 986 833 titiisitttttttmtitt'tettittttttttttttt

182 835 212 886 in
221 834 307 883 tantis
317 835 454 900 angustiis
467 803 567 895 muita,
581 833 707 899 aquibus
718 801 810 884 oninin
821 840 850 883 et
860 833 985 887 volunta·

110 957 115 966 ,
182 908 210 953 te
221 900 384 968 longissime
396 899 539 962 abhorret,
558 900 666 950 interea
674 906 767 950 tamen
777 899 987 960 sihitolaranda

183 982 246 1020 esse
265 970 377 1030 statuit,
401 967 464 1019 durn
485 967 590 1032 aliquid
612 966 711 1018 meiius
732 968 865 1018 eveniret.
902 969 984 1022 Certe

183 1035 270 1097 eninr,
282 1033 444 1086 beatissime
455 1033 551 1093 Pater,
568 1032 658 1084 fretus
669 1047 703 1084 ea
712 1049 775 1150 ephe,
791 1049 872 1100 quam
882 1034 911 1086 in
921 1035 983 1090 Deo

181 1104 313 1172 primum,
330 1101 430 1153 deinde
441 1115 476 1151 ex
487 1098 613 1150 omnibus
623 1101 734 1151 niortali
754 1117 787 1152 us
796 1103 825 1152 in
834 1108 862 1152 te
873 1103 985 1168 potissi·

181 1185 256 1220 naum
267 1167 425 1231 collocavit,
436 1167 535 1220 melius
547 1165 696 1232 aliquando
707 1165 769 1218 iore
781 1169 905 1221 contidit.

180 1279 184 1288 .
217 1235 308 1289 Multa
317 1237 444 1288 eratione
458 1235 654 1296 coniiciuntur,
670 1249 741 1300 quae
754 1233 832 1287 ferro
846 1249 986 1302 nunquam

184 1303 285 1354 corstici
312 1309 437 1369 possunt.
460 1301 563 1367 ·Saepe
590 1315 660 1367 qnos
691 1302 827 1352 severitas
855 1301 986 1369 frangere

184 1383 241 1420 non
252 1375 375 1434 poterat,
392 1369 540 1422 clementia
553 1367 670 1420 inflexit.
705 1367 778 1434 Equi
788 1369 921 1420 adversus
931 1367 987 1420 fre-

184 1451 251 1487 num
270 1444 460 1498 contumaces,
479 1435 617 1486 interdum
631 1447 743 1488 sessore
758 1433 880 1487 hebenus
892 1436 987 1488 remit·

184 1507 261 1554 tente
273 1505 436 1554 consistunt.
471 1502 551 1552 Multi
567 1503 614 1567 qui
628 1506 736 1551 terrore
753 1506 782 1549 et
790 1503 863 1552 maio
880 1501 990 1554 domant

183 1585 241 1622 non
264 1576 393 1636 possunt,
421 1567 595 1632 induigentia
621 1572 651 1615 et
671 1565 806 1614 facilitate
826 1568 987 1621 mitescunt

185 1635 358 1701 Pugnabitnr
380 1634 513 1684 adversus
537 1644 599 1689 eos,
628 1630 675 1694 qui
697 1644 714 1678 a
733 1629 814 1679 nobis
837 1632 987 1696 dissident,

203 1701 313 1751 recibus
331 1699 450 1749 assiduis
470 1701 499 1746 et
516 1694 645 1761 privatim
664 1699 693 1744 et
712 1694 823 1758 publice
845 1697 880 1747 ad
893 1695 988 1751 Deum

127 1787 131 1796 ·
183 1717 263 1820 fusis.
300 1765 413 1815 Piorum
433 1768 462 1813 et
481 1760 653 1812 eruditorum
672 1760 900 1814 concionatorum
919 1778 988 1832 vox,

182 1831 361 1900 praecipuum
388 1833 600 1881 instrumentum
617 1826 672 1880 Dei
694 1827 730 1880 ad
756 1827 934 1882 inserendam
956 1833 989 1886 in

183 1896 282 1948 anisnis
301 1895 442 1948 hominnm
460 1896 556 1960 fidens,
576 1911 646 1965 quae
665 1898 695 1948 in
712 1895 853 1965 plerisque
874 1898 987 1953 Galliae

182 1963 307 2031 partibus
317 1965 401 2016 armis
417 1980 452 2033 op
473 1980 551 2017 ressa
561 1965 746 2028 conticuerat,
758 1964 847 2017 iibere
856 1968 911 2018 iarn
923 1973 992 2019 toto*

180 2046 270 2098 regno
282 2031 419 2084 audietur.
454 1980 565 2084 [ieebit
578 2032 664 2099 inspic
673 2039 701 2083 et
709 2031 844 2098 pestifera
854 2033 990 2102 dogmate

182 2100 339 2152 rationibus
357 2107 387 2152 et
407 2100 576 2169 argumentis
595 2097 741 2152 confutare
758 2113 791 2150 ac
805 2101 987 2218 redarguere,

183 2182 251 2218 sera
261 2183 293 2218 ac
307 2168 440 2220 salutaria
454 2168 618 2219 eoniirmare
628 2173 658 2217 et
667 2167 847 2218 constituere.
907 2165 990 2220 etho·.

182 2234 256 2288 licea
267 2234 415 2302 religionis
428 2251 496 2286 usus
509 2241 538 2284 et
555 2233 734 2297 exercitatio,
754 2248 825 2299 quae
843 2235 939 2286 multis
951 2249 990 2288 ex

185 2302 256 2356 iocis
271 2302 465 2369 indignissime
479 2301 589 2353 sublata
602 2306 631 2351 et
640 2301 838 2366 expulsaerat,
854 2304 989 2354 restitue-

111 2431 114 2437 ,
183 2375 230 2420 tur
239 2384 272 2420 ee
287 2369 474 2420 renovabitur.
508 2367 628 2420 Dabitur
642 2381 659 2417 a
674 2368 778 2418 nostris
792 2383 888 2435 opera,
902 2374 934 2419 nt
946 2370 989 2419 vi·

185 2444 231 2486 tae
242 2450 274 2487 ae
287 2451 395 2488 morunt
405 2450 517 2486 suorum
531 2432 658 2499 exemplo
673 2432 708 2482 sd
717 2433 805 2486 bonas
819 2441 913 2501 partes
924 2435 990 2487 elli·

186 2504 273 2565 ciant,
286 2510 316 2553 et
325 2504 360 2554 ad
370 2504 516 2554 sanitatem
526 2501 678 2568 perducant
688 2513 750 2564 eos,
765 2516 834 2567 quos
845 2517 990 2555 armorum

186 2571 228 2618 vis
242 2571 332 2638 magis
347 2584 380 2620 ac
393 2570 482 2636 magis
495 2582 583 2635 usque
597 2565 686 2620 adhuc
706 2565 890 2632 effrenavit*).
926 2569 991 2622 Rex

187 2633 248 2698 ipsa
261 2650 388 2686 unacum
402 2637 500 2698 fratre,
515 2634 583 2686 forti
597 2649 631 2686 ac
644 2639 772 2698 strenuo,
786 2649 818 2686 ac
828 2633 989 2688 catholicae

215 2714 236 2766 ¹)
252 2716 354 2760 Muretus
364 2716 423 2762 harad
434 2717 501 2762 dubie
511 2719 605 2773 scripsit
614 2715 727 2774 afferam
