2146 3008
136 173 244 224 ·220
360 209 362 212 -
467 169 619 225 citauit)
636 171 719 226 xxi.

193 273 237 326 ein
249 273 279 326 id
291 277 397 326 tantum
411 269 514 335 dicem,
532 285 616 340 posse
629 286 674 324 me
687 273 734 336 iis,
755 273 805 340 qui
816 272 995 340 eloquentiae

194 341 287 392 studio
301 346 442 402 tenenmr,
460 341 531 402 vias,
552 353 623 406 quae
639 339 764 390 edilium
777 339 880 402 ierant,
902 348 997 392 osten·

195 407 271 470 dere,
281 408 353 458 etad
363 407 392 456 id
402 407 739 473 quodedemaruntconse
760 408 880 459 nendum
889 407 996 474 aliquid

195 475 258 545 opis
277 472 391 534 afferre,
407 487 535 552 cousque,
549 479 581 552 ut
597 475 710 552 opinor,
725 489 753 524 n1
774 473 795 524 il
813 475 862 536 sit,
883 488 933 524 our
951 489 995 524 me

193 537 995 671 illeilleliiili'leizlitlazililii:

227 671 322 722 Nolite
337 678 442 731 eutem,
459 672 616 734 auditores,
635 673 808 735 existimare,
821 687 865 724 me
880 672 994 738 vulgare

194 736 300 804 eliquid
308 737 388 788 vobis
400 745 428 788 et
438 739 465 789 in
476 737 568 788 medio
578 739 699 803 positum
709 739 850 805 polliceri,
864 753 926 788 cum
936 739 995 804 pol-

132 845 135 852 .
193 803 283 854 liceor
295 817 339 854 me
352 805 432 854 vobis
443 805 551 854 itineris
563 805 660 855 ducem
674 806 709 855 ed
723 805 910 872 eloquentium
923 803 995 865 iore,

193 885 283 938 neque
292 871 331 920 ita
340 870 517 938 eloquentiae
528 885 627 922 nomen
638 872 765 938 accipite,
774 879 806 923 ut
813 871 859 922 vul
881 871 997 936 occcipi

194 939 348 989 consuevit.
382 937 475 988 Hodie
493 937 565 988 eninr
583 945 615 988 ut
631 939 692 1004 quis
711 939 838 1005 vulgaria
852 885 995 988 rhetorum

193 1011 343 1070 praecepta
354 1011 494 1072 utcunque
507 1001 618 1067 didicit,
637 1009 667 1056 et
678 1007 708 1055 in
722 1005 866 1056 Ciceronis
883 1003 995 1070 scriptis

192 1078 300 1123 tentum
319 1073 415 1138 poenit
434 1083 550 1140 operae,
575 1077 619 1133 ut,
644 1070 769 1124 adhibito
787 1071 893 1122 Nicolii
912 1070 994 1131 libro,

193 1139 286 1206 possit
300 1139 455 1190 orationem
470 1143 519 1190 eut
532 1137 680 1204 epistolam
694 1139 830 1201 scribere,
847 1139 925 1189 cuius
939 1144 996 1188 tum

195 1207 323 1274 singulae
335 1221 433 1268 voces,
448 1204 578 1274 cumipse
591 1206 675 1257 etiam
684 1210 825 1270 truciore
837 1211 866 1256 et
875 1204 996 1272 colloce-

194 1272 236 1323 tio
249 1273 412 1325 Ciceronem
424 1273 508 1336 oleat,
527 1273 654 1340 protinus
663 1287 765 1340 magno
776 1284 997 1324 eorumconsen·

195 1353 242 1401 su,
257 1342 305 1406 qui
317 1339 387 1391 nihil
398 1339 482 1392 eitius
496 1345 545 1389 aut
555 1339 700 1390 sublimius
715 1340 852 1408 cogitent,
866 1337 996 1404 eloqueu·
1057 1359 1058 1372 π

195 1405 233 1455 tis
248 1421 349 1458 nomen
366 1407 490 1458 assumit·
526 1405 623 1474 ltaque
642 1407 667 1456 ei
684 1407 719 1458 de
735 1405 863 1473 quopiam
881 1405 999 1456 istorum
1053 1455 1058 1466 ,

195 1482 392 1537 percunctere,
402 1487 465 1524 num
476 1472 631 1533 Platonem,
640 1471 829 1534 Aristotelem,
838 1469 1000 1537 Theophra·

197 1544 270 1590 etum
284 1541 400 1608 legerit,
421 1539 539 1602 denique
557 1551 621 1586 num
639 1535 845 1600 philosophiam
862 1538 1000 1604 attigerit,

196 1606 324 1670 negabit:
342 1621 374 1656 se
389 1605 474 1662 enim,
490 1601 590 1649 relicto
604 1598 668 1646 eliis
683 1597 879 1662 philosophiae
894 1604 1001 1665 studio,

197 1671 375 1736 eloquentiae
389 1667 480 1732 glorie
493 1667 653 1711 contentum
665 1660 763 1710 fuisse.
799 1663 889 1720 Quidi
906 1667 1002 1720 Hero.

174 1737 186 1751 c
196 1721 1003 1842 dotum,'1¹hucydidssqu0ss0llhqssi2ffl‘quamdiligffllter
1055 1747 1057 1781 l

196 1802 323 1854 studiose
344 1787 559 1845 ue'vcreaverrti
579 1788 692 1855 Aliquid
710 1805 741 1842 se
773 1800 881 1846 ortasse
901 1811 942 1850 en¹
957 1803 1000 1852 ein

195 1867 299 1918 libasse
310 1862 397 1918 dicet,
412 1857 463 1906 sed
472 1862 668 1922 properantem
680 1865 710 1910 et
723 1859 955 1928 eliudegentem,
971 1875 1000 1918 et

200 1931 242 1980 'ui
251 1939 332 1976 unam
343 1923 426 1974 modo
438 1929 580 1990 spectaret
589 1920 786 1993 eloquentiam.
818 1929 901 1982 Certe
911 1932 999 2000 igitur

223 2000 359 2052 onrerum,
379 2005 461 2058 quem
477 1997 509 2042 ut
521 1997 678 2046 ceterarum
691 1995 874 2062 ingenuarum
886 2001 997 2061 artium,

85 2103 102 2118 ,,
191 2063 233 2111 ite
251 2059 429 2124 eloquentiae
442 2060 522 2128 quasi
535 2057 642 2112 iontem
657 2060 794 2129 quendem
812 2077 875 2116 esse
893 2067 996 2127 dicunt,
1055 2063 1056 2087 ¹

194 2123 377 2194 Sophoclem,
397 2127 576 2196 Euripidem,
590 2142 607 2179 a
619 2145 673 2196 quo
690 2131 794 2196 optime
812 2132 851 2183 uli
866 2131 997 2199 elequen-

193 2195 274 2259 tiam,
292 2195 348 2262 ipsi
367 2197 544 2264 eloquentiae
563 2207 609 2248 me
630 2197 692 2249 'stri
710 2197 934 2264 prodiderunt*),
953 2213 996 2252 ce·

193 2269 271 2317 teres
292 2265 411 2332 denique
425 2264 550 2315 Graecos
571 2269 599 2315 et
639 2265 730 2316 etinos
750 2267 848 2330 poetas
867 2271 997 2317 accurate

108 2385 110 2392 ,
133 2337 135 2342 ’
193 2326 388 2400 pervolutasti.
425 2332 514 2394 Quem
540 2336 572 2382 tu
598 2330 679 2394 mihi,
696 2331 810 2412 inquit,
836 2331 995 2393 liomerum,

197 2417 279 2470 quem
292 2397 472 2467 Sophoclem,
491 2413 559 2466 quae
579 2413 667 2466 nugas
680 2397 823 2448 nonuneri
843 2399 923 2464 quasi
943 2413 995 2466 ego

195 2473 292 2538 poeta,
321 2481 377 2518 non
396 2473 504 2528 orator,
532 2479 595 2515 csse
612 2466 757 2516 voluerim.
792 2463 927 2516 Nimirum
945 2467 996 2584 iffi·
1049 2497 1054 2691 λ

196 2544 254 2602 tur,
273 2551 335 2590 cum
353 2548 371 2585 a
387 2539 416 2586 te
438 2531 522 2587 omne
537 2530 614 2585 aliud
632 2533 797 2600 scriptorum
814 2544 902 2599 genus
920 2532 955 2585 ab

242 2675 264 2732 ·)
279 2671 425 2726 Quintilian.
434 2671 467 2716 X.
475 2677 494 2716 l.
502 2673 538 2716 tt.
546 2673 570 2715 st
576 2675 613 2718 tl.

1048 2694 1053 2965 l
