2146 3008
362 161 517 238 'omno
535 160 617 214 XXI.
712 169 716 176 '
841 165 891 218 221

33 303 36 307 ,
92 268 231 330 ωηεν),
249 265 279 317 in
289 264 347 316 illis
362 247 537 331 eloquentiae
551 263 713 326 luminibus,
723 245 822 330 Lysia,
832 265 892 334 Hy·
917 242 921 250 ’

7 371 8 376 η
91 335 247 403 peride**),
262 333 410 394 Antooide,
426 333 519 394 isaeo,
536 331 673 394 Isocrate,
692 329 892 396 Demosthene,

7 439 8 464 ,
93 399 334 468 quamplurimum
351 399 407 450 olei
425 399 632 466 consumpsisti,
647 399 730 448 ineis
746 399 892 464 egregium

92 467 208 532 aliquod
227 467 348 517 studium
367 465 526 527 collocasti,
545 479 594 516 eus
615 479 698 530 saepe
716 464 845 532 relegens
862 466 893 516 iu

93 547 206 584 succum
219 547 251 582 ue
264 533 426 599 sanguninem
442 533 605 584 convertisti
614 538 698 582 tuum.
733 529 832 594 Immo,
850 533 891 582 in·

93 601 167 667 quit,
185 599 356 664 quorundum
370 599 481 652 existis
494 600 540 650 vix
553 600 615 665 ipsu
628 599 740 650 nomine
755 612 896 676 agnoscoq

7 689 8 702 π
92 667 167 718 elios
177 679 193 714 a
203 665 337 716 Cicerone
348 679 410 716 meo
423 667 608 718 commendari
621 666 747 728 memini,
765 681 811 731 qur
824 664 893 716 nrihi
927 723 929 728 ⁸

92 731 170 784 solus
180 732 208 782 in
218 732 357 783 amoribus
368 747 401 783 uc
411 732 519 784 deliciis
530 731 595 792 fnit,
607 747 686 796 quem
698 746 764 798 ego,
776 731 892 784 nonninu-

91 798 143 864 bilj
163 797 281 863 quodam
303 798 479 864 eloquentiae
498 798 591 848 studio
609 797 806 861 inflammatus,
823 816 891 850 nun·

93 879 174 932 qoam
188 878 223 914 ex
237 863 337 924 oculis,
352 878 388 916 ex
400 862 537 925 manibus,
552 877 587 914 ex
596 865 658 914 sinu
669 866 798 930 deposui,
813 866 892 916 cuius
934 912 936 917 .

93 933 123 982 in
136 931 246 996 scriptis
260 931 301 980 itu
313 929 432 996 diligens
445 944 478 980 ue
492 929 630 980 sollicitus
640 930 694 992 fui,
707 937 749 993 ut,
763 933 891 998 quemod-

93 998 206 1052 modum
219 997 321 1048 nummi
334 997 412 1046 aurei
421 1003 469 1046 aut
478 997 602 1061 argentei
617 1011 634 1044 a
644 997 779 1062 plumbeis
789 1000 892 1050 tinnitu

93 1067 156 1132 ipso
167 1063 426 1144 dignoscuntur‚.ito
436 1075 489 1130 ego
499 1074 583 1113 voces
595 1061 789 1114 Ciceronianus
802 1065 891 1126 abiis,
934 1070 938 1078 ‘

95 1145 166 1198 quae
177 1129 320 1184 Ciceronis
330 1135 472 1191 nunaunt,
487 1143 556 1179 sono
567 1129 628 1192 ipso
639 1129 797 1181 discernere
808 1145 841 1180 ue
852 1130 892 1180 di·
987 1135 995 1152 “

93 1197 219 1250 iudicare
240 1195 351 1262 possim.
385 1194 462 1246 Bene
482 1195 531 1256 sit,
551 1196 675 1259 inquam,
698 1196 760 1246 istis
778 1195 892 1248 auribus
983 1215 989 1224 ⁸

93 1265 150 1316 tuis
160 1269 217 1315 tem
227 1259 356 1316 delicatis
365 1267 475 1328 tumque
490 1259 618 1325 eruditis;
637 1263 761 1330 sedeur,
777 1274 892 1328 quaeso,

95 1343 158 1382 cum
169 1330 331 1381 Ciceronem
341 1331 412 1380 tenti
422 1329 522 1388 facies,
539 1341 602 1391 eos,
617 1343 687 1394 quos
697 1335 842 1394 tantopere
858 1327 892 1380 ab

7 1441 12 1450 ,
96 1412 131 1449 eo
144 1397 250 1448 laudari
267 1397 392 1459 videbas,
412 1411 468 1448 non
481 1395 615 1461 attigistii
632 1395 717 1456 Istos,
733 1395 761 1444 in
781 1395 835 1457 uit,
853 1393 893 1444 le·

96 1465 209 1532 gissem,
220 1465 245 1514 si
256 1463 362 1516 Graece
374 1463 508 1530 eloquens
519 1462 752 1514 esse'voluissem.
801 1463 893 1514 otinee

96 1530 208 1648 guidem
217 1531 392 1597 eloquentiae
403 1530 513 1584 leudem
523 1527 667 1582 affectanti
676 1529 744 1592 setis
752 1543 814 1580 esse
824 1543 894 1582 unus

119 1597 341 1648 icerovisuscst
534 1632 536 1636 ,
677 1596 681 1604 ‘
972 1651 974 1663 ,

139 1663 217 1725 Quae
239 1666 306 1727 istu,
334 1663 449 1727 melum,
476 1663 564 1715 latinu
583 1663 742 1730 eloquentie
761 1663 818 1715 esti
847 1669 896 1716 eut

96 1729 206 1798 quando
241 1733 385 1798 quisquam
415 1736 539 1782 veterum
570 1731 645 1783 istud
675 1732 730 1782 iter
765 1731 800 1782 ud
837 1730 894 1782 elo·

96 1797 236 1864 quentium
254 1797 359 1850 tenuiti
384 1795 455 1848 Mihi
474 1799 617 1863 quisquam
640 1798 824 1864 eloquentiam
847 1811 894 1850 vo·

97 1868 155 1926 cet,
171 1878 232 1915 cum
245 1875 348 1933 genera
361 1877 520 1914 caussarum
538 1870 566 1913 et
578 1866 689 1916 nomino
703 1866 851 1932 figurarum
866 1871 895 1918 et
982 1867 986 1872 '

95 1929 223 1996 vulgaria
236 1931 370 1998 quaedam
383 1934 532 1995 praecepta
548 1929 582 1978 de
604 1929 808 1984 conformandis
832 1945 893 1982 ore·

93 1996 181 2052 tionis
189 1998 312 2062 partibus
323 2007 352 2048 et
361 1995 519 2048 huiusmodi
528 1997 640 2046 naenias
650 1997 794 2060 didiceris,
810 2013 893 2050 vocu-

35 2101 43 2112 ,
93 2063 137 2115 les
147 2077 182 2114 ex
192 2063 325 2116 Cicerone
337 2064 471 2116 collectas
482 2062 665 2127 coniungere,
678 2069 706 2114 et
718 2078 751 2114 ex
762 2065 816 2128 eis,
827 2079 892 2131 qua·

94 2133 120 2184 si
137 2129 274 2192 tessellis,
292 2131 413 2182 ieiunam
431 2144 464 2182 ee
478 2127 634 2180 iantelicam
653 2129 806 2180 orationem
827 2145 892 2182 con-

92 2202 203 2259 texere,
215 2196 311 2249 sedulo
323 2203 478 2258 carentem,
492 2195 608 2262 nequid
618 2195 738 2258 dicetur,
750 2197 824 2262 quod
835 2212 892 2248 nou

21 2317 23 2324 ,
92 2269 158 2316 onte
179 2263 277 2316 Cicero
297 2263 415 2318 dixeritl
443 2263 573 2317 Pinarum
593 2269 622 2314 et
640 2261 819 2329 psittacorum
835 2265 891 2314 iste

140 2396 160 2450 ')
175 2393 288 2440 Abdicato
298 2397 328 2439 ol.
338 2409 354 2439 a
362 2409 384 2440 ss
394 2394 495 2441 insolens
503 2396 593 2440 ridetur
602 2407 652 2438 esse
661 2391 754 2438 locutio.
770 2393 806 2438 cf.
814 2398 890 2439 temen

95 2449 142 2493 Cic
153 2452 181 2494 de
196 2455 253 2494 oret.
262 2451 294 2494 11.
303 2456 336 2496 2⁴·
346 2451 367 2505 5.
378 2457 425 2496 102.
449 2453 492 2502 Qui
505 2451 568 2494 iocus
582 2455 617 2494 est
630 2449 695 2500 telis,
708 2454 733 2490 ut
747 2448 798 2505 plus
808 2449 891 2494 hebent

94 2507 225 2558 adiumenti,
233 2507 444 2560 quemineornmodi,
451 2505 588 2549 hunciudico
595 2519 644 2549 esse
651 2507 779 2549 dicendum:
790 2507 827 2548 ubi
838 2505 890 2562 plus

93 2561 159 2610 meli,
170 2575 235 2616 quum
245 2565 298 2604 boni
307 2564 409 2617 reperio,
431 2563 457 2604 id
470 2567 539 2604 toturn
550 2561 677 2616 al(s‘u)ds'co
688 2567 754 2616 etque
764 2563 839 2606 eiiciu.

132 2617 162 2671 ⁸¹)
179 2618 280 2661 Muretus
293 2619 321 2660 de
336 2616 454 2670 Hyperide
467 2617 563 2671 perinde
572 2615 684 2670 loquitur,
699 2631 726 2660 sc
740 2620 759 2661 si
775 2619 825 2663 eius
839 2631 889 2663 ose·

95 2672 180 2722 tiones,
190 2685 246 2726 quse
256 2673 338 2718 dudum
349 2673 477 2728 pertentet,
487 2671 560 2715 seius
569 2678 721 2727 superessent.
736 2674 825 2720 Rulnk.
