2154 3002
431 115 629 176 Vl'TA.
779 151 782 158 =
880 120 938 175 xrir

136 221 303 278 catholicam
319 220 396 272 enim
416 221 499 272 tidem
515 235 571 272 non
584 220 675 273 solum
690 219 824 282 serravit,
844 219 895 271 sed
910 229 953 280 et,

151 308 183 344 ro
194 291 270 342 virili
281 287 416 351 defendit,
427 303 488 338 cum
498 294 590 338 tamen
601 303 656 338 non
666 287 798 339 deessent
806 287 835 338 in
846 285 940 338 Gallia

133 307 262 410 gentines
277 355 421 418 seditiosi,
436 355 482 422 qui
494 355 621 406 omuibus
634 354 741 406 artibus
755 353 939 406 adsuescunt

133 432 227 493 partes
249 422 398 474 traducere
415 428 594 473 conarentur.
627 420 735 490 Novem
753 422 831 487 ipsos
849 434 938 472 annos

132 491 268 544 sacerdos
278 488 386 550 vixit*),
398 503 452 554 quo
463 485 587 554 tempore
598 494 654 539 tam
666 493 761 540 sancte
772 489 860 539 sacris
871 502 938 554 ope·

132 566 209 610 ratus
218 562 272 619 est,
282 559 313 606 ut
322 555 396 606 inter
406 555 614 607 sacrificandum
626 561 654 606 et
665 556 802 622 lacrymas
813 553 938 607 efflando·

132 632 177 678 ret
192 625 369 691 frequenter,
390 627 422 678 et
437 622 549 673 easdem
567 622 631 672 aliis
648 627 801 674 excuteret
837 622 937 674 Sacrae
959 663 963 672 ,

152 705 244 758 uoque
266 688 445 757 quotidianas
464 689 639 756 precationes
658 689 810 756 diligenter
830 689 936 741 obibat.

133 708 223 824 gaepe
235 757 270 807 de
280 760 370 806 morte
381 769 476 817 senex,
486 761 624 822 tamquam
636 755 669 806 de
681 758 857 824 migratione,
874 771 938 807 cum

107 869 115 891 ,
133 823 319 882 familiaribus
330 821 496 884 disserebat,
513 827 544 874 ut
553 837 588 873 ex
597 821 715 888 pedibus
726 836 811 889 aeger
824 824 937 874 iconiam

133 892 187 944 sibi
198 905 261 942 esse
271 887 446 954 migrandum
461 889 559 951 domo,
574 890 653 939 cuius
669 889 849 940 fundamenta
860 889 936 940 laba·

133 963 196 1009 rent
210 956 394 1022 praedicaret.
400 955 439 1019 **)
449 955 577 1006 Mortuus
586 957 686 1019 est**‘)
694 962 807 1008 ornatus
814 957 887 1007 omni
894 957 937 1006 in·

133 1031 192 1075 stru
223 1028 288 1073 ento
300 1028 328 1072 et
334 1022 447 1082 viatico,
456 1022 532 1088 quod
540 1019 692 1074 christiana
700 1023 801 1089 religio
812 1023 936 1076 tribuere

134 1089 239 1142 honrini
251 1094 333 1156 atque
343 1088 479 1154 impertiri
490 1088 571 1150 solet,
584 1104 663 1156 quem
674 1096 754 1156 parat
764 1090 799 1140 ad
808 1096 936 1142 mortem.

133 1157 261 1222 AXysto
281 1155 364 1206 etiam
383 1156 479 1222 quinto
494 1155 631 1210 Pontifica
649 1156 724 1206 Max.
743 1155 871 1221 privatim
890 1169 936 1206 ve·

135 1223 162 1272 ni
167 1227 390 1287 ampeccatorum
396 1223 563 1288 impetravit,
574 1223 640 1272 etad
647 1223 936 1286 eorumexpiationem

136 1288 262 1340 eiusdem
272 1289 354 1340 etiam
362 1290 438 1339 illam
446 1289 583 1356 publicam
592 1287 936 1355 adhibuitindulgentiam,
962 1320 966 1326 -

135 1371 190 1424 qua
200 1357 247 1422 qui
256 1355 310 1406 rite
320 1361 454 1417 uteretur,
472 1357 499 1407 ei
509 1370 564 1407 non
574 1355 767 1406 liberationem
778 1355 870 1407 solum
879 1355 936 1408 oul-

153 1438 198 1485 ae,
216 1422 267 1474 sed
276 1423 468 1474 remissionem
482 1423 565 1474 etiam
595 1437 682 1474 oenae
694 1421 796 1475 Christi
807 1421 936 1474 vicarius

133 1437 333 1557 benignissime
348 1490 531 1541 concedebat.
566 1438 673 1542 'Friduo
690 1497 754 1543 ante
764 1496 882 1541 mortem
893 1503 937 1541 se·

134 1562 309 1608 crosanctum
323 1555 427 1608 Christi
441 1571 541 1623 corpus
555 1564 734 1624 suscepturus
747 1557 874 1610 omnibus
889 1559 937 1625 qui

133 1637 167 1674 eo
182 1629 369 1675 convenerant
382 1623 576 1692 praesentibus
589 1631 672 1692 atque
687 1625 861 1677 audientibus
873 1640 937 1692 sup·

131 1689 197 1756 plex
213 1691 324 1742 veniam
346 1705 363 1742 a
387 1690 570 1742 fertilioribus
595 1693 690 1758 petiit,
718 1692 936 1760 lacrymantibus
1009 1735 1011 1739 .

132 1756 259 1808 omnibus
275 1758 323 1824 qui
336 1757 459 1811 aderant.
482 1757 568 1810 ¹Dum
579 1774 635 1811 vox
652 1760 761 1822 aderat,
781 1760 875 1810 mixtis
891 1775 935 1809 su·

131 1825 225 1890 spiriis
239 1823 392 1876 identidem
406 1825 538 1877 iterabat:
558 1825 657 1889 oleru,
673 1843 687 1877 o
702 1825 788 1887 Deus,
809 1831 840 1876 ut
858 1824 936 1876 aliud

129 1889 201 1942 nihil
215 1891 245 1941 in
258 1897 351 1942 mente
370 1889 501 1944 habuisse
516 1899 634 1945 constet.
668 1892 765 1944 Elatus
780 1892 933 1944 honorifice
960 1955 962 1959 y

129 1955 218 2008 Nonis
236 1955 337 2021 Iuniis,
369 1974 441 2011 anno
466 1958 548 2012 huius
567 1959 673 2012 saeculi
692 1961 788 2027 quinto
808 1966 837 2012 et
856 1966 934 2012 octo-

7 2051 14 2064 »
101 2025 252 2092 sesima,
282 2023 466 2094 laudatusque
490 2033 534 2079 est
555 2042 606 2096 pro
625 2027 724 2080 funere
747 2028 968 2080 aFrancisro.
1053 2055 1055 2058 -

174 2138 197 2194 ⁸)
209 2139 315 2184 Ceterum
327 2141 417 2184 dedisse
426 2154 508 2186 nomen
516 2140 626 2186 societati
635 2143 687 2188 Iesu
697 2143 810 2186 Muretum
819 2143 931 2188 extremis

129 2195 190 2238 sitae
200 2197 350 2250 temporibus,
365 2197 424 2240 haud
435 2202 574 2252 compertum
584 2203 630 2250 est,
646 2200 691 2242 nisi
702 2201 722 2242 si
733 2201 783 2254 quis
792 2213 823 2242 ex
832 2199 932 2243 amicitis

127 2263 185 2350 ἓξὲξ
191 2251 309 2350 Ηὲιζὲᾙ
315 2254 420 2352 ²ingeret
428 2252 511 2298 Patres
525 2251 578 2298 Soc.
591 2254 646 2336 lesu
658 2257 801 2306 intercessit,
819 2254 878 2298 illud
888 2267 931 2310 pro

130 2361 931 2488 .,stillarent*ornatissimerecreemus

128 2472 929 2583 :littra⁰¹:0lttttl’rtitillata?irritaretis

128 2579 177 2632 bus,
187 2558 417 2695 ffiwlitqtutmssvlth
428 2589 488 2686 quaid
498 2562 522 2630 ri’
529 2563 624 2632 multum
633 2546 721 2644 piguit
731 2557 760 2626 sd
770 2580 928 2638 postumium·

157 2645 186 2664 “¹
231 2667 238 2682 ·
305 2655 383 2698 qm.
415 2655 451 2686 on.
475 2656 512 2686 uu.
828 2649 835 2656 “
