2154 3002
405 213 556 268 ORATIO
574 215 595 267 l.
866 217 900 272 13¹

97 327 159 382 tor,
178 324 272 371 tamen
283 315 347 368 Deo
361 315 448 368 veluti
463 310 592 367 comitem
624 317 740 370 uandam
754 320 899 370 materiam
925 337 928 343 ·

100 386 269 452 adiungunt,
289 383 369 450 quasi
384 389 414 434 ut
427 381 543 445 artifex,
562 385 603 434 ita
644 399 692 436 cus
707 386 766 436 sine
783 385 901 437 materia

102 452 173 506 nihil
187 451 278 519 possit
290 451 408 518 efficere·
445 449 518 510 Quid
533 448 676 518 theologii
694 450 775 504 huius
789 453 900 503 uniuer-

101 521 195 573 sitatis
209 523 352 569 auctorem
367 529 429 567 esse
443 531 476 566 ae
489 515 651 568 effectorem
663 515 767 582 Deum,
781 519 900 588 quicum

102 583 348 639 innumerabilibus
359 581 478 634 saeculis
489 585 695 647 antecessisset,
701 601 755 652 quo
765 587 901 654 temporis

103 661 207 720 puncto
219 651 273 717 ipsi
284 649 397 717 placuit,
402 648 532 700 mundum
541 647 613 700 hune
623 658 653 701 et
661 667 731 718 quac
741 653 818 704 illius
827 652 902 704 amb.

105 724 146 772 itu
156 720 344 778 contineatur,
359 717 419 766 siue
429 715 494 766 ullis
504 716 643 780 vectibus,
660 719 720 770 sine
734 719 799 772 ullis
814 718 901 771 lorra-

105 786 215 847 mentis,
227 785 290 835 sine
299 783 356 833 ulla
366 783 493 844 materia,
501 783 585 834 verbo
596 789 702 836 tautum
721 801 755 838 ac
767 793 835 838 nutu
849 799 901 838 suo

106 869 141 905 ex
154 851 243 904 nihilo
254 848 452 900 architectatus
468 854 522 911 cst3
537 849 709 918 eundemque
724 851 836 905 assidue
852 867 903 906 sua

107 922 232 972 bonitate
251 931 284 966 ac
302 915 449 983 prudentia
467 916 602 979 continet,
621 919 795 983 moderatur,
814 919 902 982 ioret,

108 999 204 1037 omncs
213 983 242 1033 in
253 997 286 1033 eo
300 996 392 1032 rerum
402 996 435 1032 ac
447 986 603 1048 temporum
616 985 780 1048 varietates,
794 986 903 1037 uicissi·

105 1053 219 1104 tudines
234 1048 333 1101 efficit:
352 1047 426 1115 quod
442 1053 531 1099 statos
547 1049 655 1102 orbium
668 1050 833 1104 coelestium
843 1065 904 1103 cur·

107 1136 165 1179 sus,
183 1116 255 1185 quod
267 1121 358 1166 certas
372 1114 493 1165 siderum
502 1115 695 1179 traiectiones,
710 1117 784 1185 quod
798 1119 903 1170 consti-

107 1187 176 1238 tutis
185 1182 292 1234 vicibus
307 1181 432 1248 insignes
447 1195 479 1232 ac
491 1182 631 1233 notabiles
646 1197 738 1234 rerum
753 1192 904 1236 commuta·

107 1255 201 1304 tiones
215 1252 365 1310 iutuemur,
380 1247 449 1298 haec
462 1253 491 1298 et
504 1254 599 1298 cetera
613 1250 705 1300 omnia
721 1250 755 1302 ad
768 1265 831 1302 euru
845 1265 903 1303 mo·

109 1319 175 1369 dum
192 1331 246 1366 non
265 1314 395 1366 iouunae
412 1315 568 1366 temeritate
588 1324 636 1367 aut
649 1318 681 1367 vi·
695 1317 752 1369 ulla
769 1319 903 1370 oratoriae

110 1383 207 1452 dirigi,
225 1381 274 1434 sed
289 1381 381 1434 diviua
412 1381 570 1434 revidentia
581 1383 740 1499 temperari.
776 1383 903 1436 Contem-

110 1451 216 1519 plemur
240 1455 269 1500 et
285 1448 352 1500 alia.
388 1397 462 1509 guid
480 1447 626 1504 ‹te-animo
664 1449 903 1518 umanophiloso-
931 1508 934 1517 f

105 1515 172 1588 phil
188 1517 264 1568 Alius
277 1528 338 1566 euru
349 1515 496 1581 coripsum
507 1530 569 1567 essc
579 1517 656 1580 dicit,
667 1517 737 1568 alius
749 1517 903 1580 cerebrum,

108 1585 180 1636 alius
192 1582 271 1634 cordi
281 1579 415 1632 suffusum
427 1583 597 1645 sanvuiuem,
609 1584 679 1635 alius
689 1585 815 1652 spiritum
826 1585 903 1635 iuna·

38 1649 43 1654 ’
106 1658 212 1704 tantem
231 1649 372 1715 sanguini,
392 1648 463 1700 alius
477 1623 652 1702 lrarrneniam
666 1651 813 1719 quandam,
831 1651 921 1702 alius*

108 1733 170 1770 cum
190 1731 225 1768 cx
237 1715 358 1768 numeris
376 1715 499 1777 conficit,
520 1717 591 1768 alius
606 1733 642 1770 ex
654 1720 769 1781 atomis,
789 1724 820 1770 ut
835 1717 903 1770 milri

41 1801 46 1807 ·
107 1783 219 1852 quidem
232 1784 287 1834 ista
299 1782 487 1834 consideranti
501 1793 640 1836 certamen
651 1785 764 1854 aliquod
777 1786 903 1838 insaniae

107 1849 265 1916 suscepisse
283 1847 436 1901 videantur.
470 1849 514 1900 lta
527 1849 690 1903 exhoctam
700 1850 831 1916 confuso,
846 1858 904 1903 taur

108 1918 200 1979 tario,
211 1922 266 1966 tant
277 1913 425 1981 multiplici
435 1918 637 1968 teterrimarum
646 1919 806 1986 opinionum
816 1918 904 1970 veluti

109 1984 190 2034 cinno
200 1980 271 2040 nihil
280 1977 339 2032 iere
351 1981 484 2049 colligere
495 1998 655 2050 possumus,
672 1985 727 2036 nisi
739 1999 847 2052 semper
857 1999 903 2038 co·

129 2050 295 2100 iosissimam
311 2062 430 2101 messem
448 2047 589 2112 hominum
607 2052 684 2102 varie
706 2053 903 2104 insanientium

108 2065 206 2168 fuisse.
241 2113 455 2193 liamtnonuulli
468 2117 577 2182 quidem
593 2132 626 2170 ea
639 2119 747 2181 dicunt,
767 2126 799 2170 ut
810 2134 860 2171 eos
872 2120 903 2170 in

108 2197 139 2234 re
149 2189 206 2233 tarn
215 2194 290 2232 serra
302 2195 388 2232 usum
401 2196 433 2233 ca
451 2189 512 2234 tare
526 2190 609 2251 atque
623 2188 856 2253 aucupariputes,
871 2193 903 2238 ut

108 2248 179 2318 apud
197 2243 399 2300 Dicaearchum
414 2197 611 2313 Pffierecrates,
631 2254 676 2318 qui
696 2254 816 2304 animum
832 2250 903 2304 nihil

110 2314 220 2367 omuino
233 2326 295 2366 esse
306 2314 461 2378 contendit,
471 2318 590 2379 veritus,
602 2318 700 2381 credo,
717 2333 751 2370 ne
762 2319 828 2386 quid
837 2333 901 2383 pos·

109 2389 150 2433 set
159 2387 217 2433 tarn
228 2380 347 2431 absurde
363 2387 412 2431 aut
424 2380 500 2434 tatus
515 2383 582 2444 dici,
599 2389 631 2434 ut
645 2385 674 2434 id
688 2398 768 2436 uenio
783 2385 902 2436 dixisset

108 2445 344 2515 philosophorum.
379 2445 431 2498 llla
452 2463 520 2500 vero
547 2449 633 2500 multo
658 2453 742 2502 etiam
760 2449 831 2518 apud
851 2463 901 2500 eos

108 2513 295 2581 perturbatior
308 2518 390 2582 atque
403 2514 571 2582 implicatior
587 2519 713 2581 quaestio
725 2522 781 2579 est,
795 2529 901 2584 perma-
957 2567 959 2573 k

108 2587 207 2633 neatne
230 2582 337 2632 animus
357 2583 499 2650 corporeis
520 2582 627 2632 solutus
646 2582 777 2643 vinculis,
800 2597 834 2631 an
855 2584 902 2646 qui

108 2661 266 2716 corporum,
285 2645 358 2696 idem
372 2647 409 2699 sit
427 2647 555 2698 interitus
570 2647 730 2698 animorum.
766 2645 900 2714 Epicurus

107 2715 220 2766 interire
236 2728 285 2764 eos
300 2718 391 2780 putat,
410 2712 489 2764 nelas
502 2719 595 2774 ratus,
610 2727 670 2778 cum
685 2718 742 2763 tam
753 2715 838 2764 multa
848 2713 900 2763 sibi
