2156 3008
346 185 498 238 ennato
516 185 607 237 Xlll.
638 203 641 206 ·
681 177 683 184 Χ
822 186 872 238 let
898 257 900 262 ι

69 295 188 342 vocatos
201 301 283 348 suos,
296 288 440 338 nocturnis
454 285 634 339 concionibus
648 285 683 336 ad
698 291 873 338 contemnen-

72 357 125 411 dos
147 354 341 419 magistratus,
364 352 400 403 ad
421 353 528 419 regium
546 353 689 420 imperium
709 352 888 414 tollendum»

72 423 109 474 ad
123 419 285 486 occupanda
299 418 411 486 oppida,
426 418 461 468 ad
474 419 588 470 eaedem
606 426 634 469 et
652 420 823 484 sanguinem,
838 417 873 468 ad

71 489 183 554 rapinas
203 490 232 535 et
249 485 283 536 ad
298 484 415 550 praedas
429 485 593 536 incitabant.
624 484 735 535 Horum
747 484 873 546 vocibus,

72 554 153 622 quasi
165 551 331 618 quibusdam
342 549 475 601 iuriarnmn
486 551 603 612 facibus,
618 563 683 601 cum.
693 563 812 601 accensa
824 551 873 600 im·

91 623 180 671 iorum
191 623 306 683 pectora
317 622 427 678 assent,
436 618 505 668 itum
516 623 560 668 est
569 617 604 667 ad
615 631 702 679 aoma3
722 623 873 682 occupatae

71 685 224 752 improviso
248 683 479 748 opulentissimae
501 698 534 734 ae
555 683 755 734 munitissimae
777 683 872 746 urbes3

72 755 249 816 interceptae·
264 750 358 815 regiae
373 752 518 813 pecuniae3
537 749 660 814 direptae
671 749 872 802 bonorumior·

72 825 170 879 tunae;
189 816 243 882 ipsi
259 822 306 864 aut
320 815 430 880 expulsi
446 821 494 866 aut
512 817 616 878 occisi,
634 816 825 882 antiquissima
843 823 873 868 et

72 883 289 950 religiosissima
297 881 399 946 templa
409 883 508 947 partim
518 882 646 947 spoliata,
657 883 756 948 partim
767 882 871 937 inflam-
908 945 910 950 y

72 955 164 1014 mata,
178 948 280 1014 partim·
297 947 389 999 diruta
407 955 436 998 et
453 948 514 998 solo
529 954 661 1013 aequata,
679 963 750 1012 quae
762 949 873 1000 deiecta

71 1033 128 1069 non
143 1021 219 1076 sunt,
234 1014 261 1063 in
275 1013 310 1064 iis
323 1019 490 1081 sepelienta,
505 1029 574 1080 quae
588 1017 798 1066 commemorari
810 1013 870 1066 sine

72 1083 191 1134 horrore
204 1096 264 1130 nou.
273 1088 398 1145 possunt
434 1081 462 1130 0-
471 1080 747 1146 illonumtemporum
758 1081 802 1131 vel
815 1095 870 1130 mc·

72 1149 189 1202 moniam
199 1147 286 1212 ipsam
297 1147 423 1198 aoesbam
435 1162 466 1197 ac
476 1145 643 1200 luctuosam!
662 1161 722 1197 cum
733 1145 766 1198 de
777 1147 871 1212 legum

73 1215 239 1268 auctoritate
253 1213 455 1264 sceleratonnm.
466 1213 582 1264 audacia
593 1209 789 1279 triumphalia&
809 1227 871 1270 euru
893 1241 895 1248 ν

71 1279 790 1348 prostrataesicligioni.victrixinsultabatimpietas;
809 1294 870 1330 cum

73 1346 243 1399 tremefactis
253 1346 378 1397 onmibus
388 1345 469 1399 bonis
480 1353 509 1396 et
519 1345 626 1410 optimo
633 1359 741 1411 quoque
749 1345 871 1411 pessima

66 1415 166 1470 omnia
179 1419 330 1473 metarente,
347 1410 583 1464 soli'tantiunahue
592 1411 701 1465 illucet
712 1412 740 1462 in
750 1411 870 1477 publicis
916 1439 921 1442 ·

71 1481 159 1532 mitiis
174 1477 366 1530 bacchantium
384 1479 571 1546 inproiorum
589 1493 674 1530 voces
689 1477 812 1544 undique
823 1493 869 1529 au-

73 1547 226 1598 diebantur.
260 1545 291 1595 ln
304 1543 349 1597 hisi
360 1547 444 1596 tantis
458 1545 538 1597 malis
552 1561 585 1598 aa
599 1544 806 1596 difficultatibus
819 1545 869 1598 Ca-

72 1613 150 1666 tolus
162 1626 216 1663 res
225 1611 306 1676 plura
317 1628 347 1664 se
362 1619 391 1665 et
404 1613 564 1664 difficiliora
575 1612 790 1683 propugnandae
805 1613 869 1663 reli-

73 1680 165 1748 gionis
176 1693 274 1746 caussa
281 1678 382 1730 fecisse
393 1694 426 1730 ae
435 1678 618 1746 praestitisse,
629 1695 708 1746 quam
715 1694 870 1746 quenquam

73 1747 157 1798 alium
172 1759 207 1796 ex
220 1746 294 1794 omni
308 1747 444 1796 memoria
456 1748 619 1814 principem,
638 1761 704 1797 tere
719 1761 752 1797 ac
767 1747 867 1797 arcoilo

72 1811 193 1881 gloriari
209 1817 316 1878 potest.
346 1813 447 1864 Omnes
462 1814 533 1864 enim
547 1815 598 1864 alii
609 1815 638 1864 in
652 1820 782 1864 externos
794 1811 869 1871 bella

72 1885 232 1948 gesserunt,
251 1877 296 1930 liic
309 1880 366 1930 suis
380 1878 487 1930 bellum.
496 1879 603 1931 ⁴inferte
617 1887 730 1930 coactus
746 1886 805 1943 esta
818 1879 869 1930 alii

73 1952 102 1998 et
114 1960 135 1996 a
144 1944 202 1995 suis
218 1951 251 1994 et
262 1945 297 1996 ali
311 1943 634 2007 alienisadiuvabantnr,
654 1944 726 1996 hunc
740 1952 768 1997 et
782 1947 826 1997 sui
840 1952 869 1996 st

72 2011 159 2062 alieni
177 2018 382 2078 oppugnarunt3
416 2011 492 2073 aliis,
513 2011 538 2061 si
553 2012 712 2075 vincerent,
725 2011 879 2078 proposita·

72 2085 133 2128 erat
142 2084 252 2144 praeter
261 2079 378 2146 gloriam
387 2078 495 2144 imperii
505 2093 538 2129 ac
543 2077 685 2146 potentiae
696 2093 763 2128 suae
773 2077 867 2144 ampli-

72 2143 185 2212 ficatio,
211 2145 259 2194 sin
279 2146 466 2208 vincerentur,
488 2151 625 2209 eratque
648 2157 679 2192 se
701 2144 868 2209 reciperem

70 2207 153 2276 huic,
178 2210 237 2262 sire
250 2211 391 2274 vinceret,
404 2209 555 2279 spectanda
566 2223 670 2278 magna
681 2215 795 2276 strages
804 2215 885 2266 suta·

69 2291 143 2340 rum,
163 2290 224 2328 eum
236 2278 340 2357 insigni
352 2279 455 2329 sirium
465 2291 576 2328 suarum
589 2275 794 2338 imminutione,
808 2278 866 2328 sire

70 2357 141 2393 casu·
160 2342 256 2410 aliquo,
275 2352 452 2409 vinceretur,
465 2359 557 2412 reguo.
571 2341 705 2394 fortassis·
720 2341 867 2392 carendum
899 2367 901 2370 ·

67 2409 132 2460 suit.
166 2409 204 2460 Et
222 2407 297 2461 llaec·
308 2417 405 2462 tamen
416 2411 508 2462 omnia
522 2424 584 2461 eum
596 2423 655 2460 non·
664 2407 865 2468 deterruerunt,

68 2491 124 2542 quo
139 2475 228 2525 minus
241 2477 324 2528 urbes
338 2491 408 2528 suas·
417 2477 575 2540 obsideret,
585 2489 678 2528 enum
691 2475 801 2526 moenia
810 2479 866 2524 tor·

66 2541 866 2610 mentis-bellicis-quateret,agrospopularetur,.obsessos
923 2587 925 2594 .

68 2607 269 2664 contineutibus
282 2609 493 2670 intercluderet,
504 2609 665 2675 praeliando
678 2608 776 2674 quibus
786 2606 865 2658 multi

66 2674 217 2728 fortissimi
227 2677 415 2745 imperatores
433 2675 780 2794 ¹¹¹ffit0⁸ll¹⁰ff⁰²ldss⁰¹¹tv
791 2675 865 2726 'com-
