2156 3008
88 225 93 231 ·
186 199 237 252 11⁶
370 249 373 252 ,
494 195 646 250 ORATIO
666 193 703 251 X.

185 301 288 356 manus
301 303 395 362 rocam
413 303 442 348 et
459 296 563 350 dictum
579 303 624 349 cst
634 296 664 350 id
679 311 742 350 esse
754 305 875 352 mentem
888 302 917 354 in
932 309 984 358 ani·

187 383 246 430 mo,
262 367 337 434 quod
347 365 456 416 oculum
466 366 494 416 in
505 379 638 431 corpore;
657 371 698 426 et,
714 370 744 415 ut
754 381 805 416 suo
822 367 885 418 loco
898 379 984 422 osten-

187 436 292 496 dimus,
322 447 433 485 sensum
462 447 495 482 ac
520 439 641 483 mentem
668 431 806 482 interdurn
835 435 986 490 contundin
1063 448 1064 455 ’

187 503 225 554 Ut
245 501 317 552 enim
335 512 448 559 sensae,
466 500 508 548 ita
519 513 597 550 mens
610 512 720 565 quoque
736 506 921 552 extremorum
933 513 985 556 esta
1063 502 1064 509 ’

187 567 356 620 ὸεᾱιειιειιε
376 579 486 627 eurum,
506 579 577 632 quae
593 570 657 615 sunt
669 564 804 615 iuferiora
819 567 985 621 demonstra·

187 638 278 695 tione,
294 647 373 684 meus
387 645 496 692 aarum,
514 646 584 696 quae
600 644 683 696 supra
696 645 804 682 omnem
818 633 984 688 demonstra·

186 701 301 752 tionem.
336 698 431 748 Mente
442 713 476 764 ap
496 697 658 748 rehenditur
673 697 761 761 Deus3
780 698 984 766 apprehendum

186 774 233 820 tur
249 771 356 816 mentes
374 763 440 826 ibae
460 713 494 814 ak
514 766 587 814 omni
607 767 774 830 contagione
792 768 925 820 materiae
944 783 985 820 se·

188 839 314 900 paratam
340 829 583 896 apprehenduntur
609 831 704 882 mundi
727 836 755 882 et
779 829 888 896 coium,
916 847 985 901 quaa

187 899 264 950 iliius
294 897 399 948 ambitu
427 899 616 956 continentur,
646 897 809 962 primordia,
839 906 986 968 ceteraque

189 964 340 1026 eiusmodi,
369 978 440 1029 quae
468 964 562 1014 multis
586 964 749 1032 magnisque
773 966 987 1018 obscuritatibus

188 1032 314 1084 involuta
326 1037 355 1081 et
369 1031 398 1080 in
410 1031 514 1082 intimis
529 1045 621 1080 rerum
635 1034 755 1082 omniurn
773 1034 896 1097 parentis
911 1040 987 1084 natu·
1066 1073 1067 1084 ,

188 1114 236 1150 rae
247 1097 404 1150 recessibus
415 1097 509 1148 abdita
519 1104 547 1147 et
556 1102 679 1158 retrusa,
692 1099 728 1148 iis
742 1097 986 1168 demmnperiecta
1014 1101 1018 1108 ’

158 1219 160 1223 ,
188 1170 298 1234 patent,
312 1166 359 1231 qui
373 1177 443 1229 puro
454 1170 482 1214 ct
492 1164 525 1212 ab
543 1164 670 1214 omnibus
684 1163 773 1216 libero
790 1165 987 1232 cupiditatibus

188 1235 280 1284 auimo
305 1231 456 1282 coelestem
479 1231 614 1296 quandam
635 1233 665 1282 in
684 1233 766 1282 terris
785 1233 870 1282 vitam
893 1238 987 1299 agunt.
1067 1241 1068 1290 ζ

105 1305 111 1318 ‘
188 1299 230 1350 Ad
248 1295 319 1349 illud
336 1298 437 1348 mentis
450 1297 543 1348 lumen
556 1313 617 1347 cum
631 1311 661 1346 se
676 1298 809 1363 applicuit
821 1305 850 1348 ct
864 1299 989 1351 admonit

188 1363 304 1424 διάνοια,
319 1366 347 1414 iu
361 1379 417 1430 qpa
428 1364 503 1415 inest
515 1365 557 1414 vis
570 1362 755 1413 ratiocinandi
766 1369 795 1412 et
807 1378 842 1412 ex
854 1363 917 1416 aliis
932 1366 991 1416 alia

190 1431 367 1499 colligendi,
384 1445 420 1481 ex
444 1445 539 1482 eorum
563 1428 709 1504 complexu
728 1441 760 1476 ac
789 1428 989 1481 coniunctione

188 1500 303 1550 exsistit
322 1504 350 1548 et
365 1497 551 1547 exuriturilla
563 1507 683 1544 onmium
700 1493 830 1541 virtutum
847 1505 988 1607 suprema,
1068 1494 1069 1506 ¹

207 1579 271 1616 uam
294 1559 570 1628 magnificentissime
600 1557 734 1607 vocabulo
756 1555 851 1614 σοφὶαν

146 1663 149 1670 ·
188 1581 283 1683 {anui
296 1629 459 1694 sapientium
473 1626 656 1675 nominarunt.
691 1623 733 1672 Ea
747 1620 871 1688 perfecta
884 1627 988 1681 cadere

186 1696 364 1750 inhominem
374 1707 428 1742 nou
439 1697 543 1757 potest,
553 1693 683 1752 recteque
693 1688 827 1740 iudicarit
840 1691 899 1744 sive
913 1691 988 1745 Tha-

187 1758 434 1818 lesmirosius'sive
449 1756 539 1822 quw)
550 1754 621 1804 alius
636 1755 704 1815 (non
718 1756 989 1814 eninrintercmnes
1009 1791 1013 1806 ·

187 1827 328 1886 convenit)
344 1822 434 1875 solum
443 1821 533 1872 Deum
552 1823 787 1888 essesapientem.
824 1823 879 1876 Sed
892 1832 989 1878 tamen

186 1894 288 1962 priscis
297 1889 469 1954 temporibus
480 1888 527 1954 qui
540 1888 574 1938 de
580 1887 646 1946 Deo
658 1890 798 1957 rebusque
811 1889 921 1955 diuinis,
938 1895 990 1959 qui

188 1962 223 2013 de
238 1955 332 2010 mundi
341 1954 458 2020 urigine,
466 1958 512 2022 qui
523 1957 558 2006 de
567 1955 669 2007 abditis
680 1972 770 2009 rerum
781 1960 887 2010 caussis
896 1959 990 2010 disses

187 2024 297 2082 rebant,
308 2035 456 2086 earumque
466 2037 561 2076 rerum
568 2024 836 2091 cognitioneceteris
846 2024 990 2077 excellere

91 2101 92 2106 ’
157 2085 158 2088 ’
186 2087 363 2150 ridebantur,
390 2103 441 2140 eus
468 2093 608 2156 sapientes
623 2091 780 2142 ¹vocabant.
815 2091 990 2157 sapientiem

186 2161 279 2210 autem
296 2167 359 2206 esse
373 2155 502 2209 dicebaut
521 2157 709 2224 cognitionem
723 2159 876 2228 divinarum
891 2156 989 2210 buma—

185 2235 282 2278 narum
303 2236 336 2273 uc
347 2237 438 2275 rerum
448 2231 477 2275 et
488 2239 661 2286 caussarum,
671 2225 770 2290 qrribus
781 2239 831 2275 eae
842 2225 998 2286 continem,

185 2296 240 2344 tnr.
298 2289 383 2340 rimus
394 2289 569 2359 Pythagoras
580 2293 767 2357 arrogantiam
776 2291 854 2340 verbi
864 2289 989 2356 fugiens,

187 2355 359 2424 nunsephon
370 2357 459 2418 se,.id
470 2365 525 2420 est,
540 2358 705 2423 sapientem,
720 2358 770 2407 sed
779 2355 990 2422 philosophum,
1032 2413 1043 2422 „

185 2425 279 2484 idest,
291 2424 445 2490 sapientiae
457 2430 594 2476 amantem
604 2438 667 2474 esse
677 2423 820 2490 professus
831 2422 930 2486 est**);
950 2425 989 2479 ab

187 2505 221 2542 eo
242 2505 276 2542 ue
306 2491 403 2544 deince
424 2506 437 2540 s
456 2491 553 2558 quise
572 2490 672 2541 iisdem
711 2490 790 2540 uibus
814 2487 863 2538 ille
883 2489 990 2543 studiis

185 2557 220 2611 tie
242 2557 363 2620 aurunt,
386 2505 614 2624 pfliiusupbnrum
631 2571 701 2622 appe
724 2557 845 2607 ationem
863 2556 991 2624 retinue-

213 2656 243 2762 ἐξ
258 2656 488 2754 ἓξιδὶςοιὲινιιῑιιιθ
497 2651 559 2709 apud
568 2655 637 2709 Dios.
645 2655 723 2698 burt
731 2665 832 2710 pransu.
842 2653 864 2711 fi.
876 2658 911 2700 1².

280 2725 308 2755 re.
344 2724 371 2756 us
424 2738 431 2750 ·
456 2740 463 2751 ·
723 2733 734 2746 κ

899 1563 989 1625 raeci,
1068 1587 1069 1592 =
