2154 3002
343 107 353 142 l

390 211 540 266 enarro
558 211 595 293 n.
856 213 889 268 ιι

95 314 124 366 tn
141 311 257 376 litteris,
277 311 387 380 aliaque
398 311 517 380 plurima
529 326 562 363 ac
575 309 741 380 pulcerrima
755 311 839 366 otiosi
856 327 889 366 ac

96 379 224 434 sedentes
234 385 448 445 consequuntur.
482 381 586 441 Taceo,
594 394 673 445 quam
682 379 769 431 multa
779 393 891 444 expres·

96 461 127 498 sa
135 449 192 498 sint
206 447 454 505 eruditissimorum
463 442 723 512 hominumscriptis
734 445 768 498 de
777 446 890 508 virtute,

97 514 131 565 de
142 513 242 580 gloria,
253 510 288 568 de
298 512 415 578 caritate
425 511 544 579 patriae,
556 512 591 563 dc
602 513 755 564 animorum
771 512 890 572 aeterni·

96 585 163 644 tete,
173 580 208 632 de
218 579 357 647 praemiis,
368 592 438 644 quae
448 583 638 646 postmortem
648 584 759 630 manent
769 593 831 641 eos,
842 578 890 644 qui
955 575 956 578 ’

22 697 26 702 .
97 661 128 700 se
146 661 197 712 pro
215 645 306 715 patria
325 644 449 694 animose
468 659 500 694 sc
520 643 633 695 fortiter
650 647 800 710 gesserint3
818 659 889 712 quoe

74 767 77 770 ,
96 719 200 764 tantam
208 712 264 763 vim
274 709 388 772 habent,
402 715 434 760 ut
447 724 535 776 neque
547 711 638 776 quiea
650 711 793 777 ignorent,
805 725 889 764 verae

97 777 186 832 laudis
199 777 302 839 habere
317 783 440 844 gustum,
453 791 542 842 nequa
557 777 603 843 qui
612 783 744 840 tractent,
758 789 841 828 verae
856 791 889 828 oc

96 846 203 898 solidae
214 843 321 912 gloriae
332 842 416 894 ullam
427 843 536 894 omnino
551 857 608 894 rern
621 841 758 895 anteferre
772 845 889 910 possint.
975 890 976 893 ,

98 911 171 974 Quid
180 911 259 973 illud,
269 925 303 960 an
313 924 370 962 non
379 908 516 976 quantivis
527 915 578 970 est,
587 909 660 975 quod
670 924 753 978 saepe
764 909 890 980 lahantes

98 980 151 1030 lam
172 993 205 1030 ao
220 977 382 1028 deficientes
395 975 533 1028 exercitus
549 975 736 1042 eloquentium
751 975 891 1027 hominum

98 1059 165 1098 voce
175 1045 294 1112 legimus
307 1042 394 1093 fuisse
407 1041 571 1094 revocatos?
590 1042 696 1096 citetur·
709 1043 790 1094 testis
804 1039 891 1101 Lace·

97 1111 306 1172 daemoniorum
319 1109 430 1170 civitas,
443 1109 525 1162 ‚cuius
542 1109 681 1174 exercitus
695 1109 812 1174 Tyrtaei
825 1110 891 1174 poi·

97 1185 141 1230 tae
152 1177 279 1228 versibus
284 1173 473 1226 'inflammatus
482 1171 675 1240 pulcerrimum
685 1173 761 1224 illam
772 1173 807 1224 de
817 1173 891 1224 Mes·

8 1257 11 1263 ’
96 1245 184 1296 seniis
206 1243 350 1294 victoriam
371 1241 531 1308 reportavit.
567 1239 635 1290 Dies
655 1254 698 1290 me
723 1239 846 1300 deficiet,
865 1240 891 1290 si

78 1317 80 1322 '
97 1308 279 1362 auteruditos
295 1306 432 1370 homines,
451 1307 498 1373 qui
513 1303 622 1358 bellicis
638 1301 765 1357 laudibus
774 1305 893 1372 praesti-

95 1382 202 1438 terunt,
216 1379 263 1426 aut
275 1373 443 1426 fortissimos
456 1375 492 1426 im
514 1378 651 1435 eratores,
666 1371 712 1438 qui
726 1370 890 1423 eruditionis

96 1449 126 1495 et·
143 1441 289 1496 doetrinae
308 1439 400 1508 gloria
416 1389 617 1502 excelluerunt,
638 1452 798 1490 enumerare
811 1436 890 1488 insti·

94 1516 180 1562 taam.
224 1507 294 1560 Nam
321 1513 351 1558 et
375 1505 524 1574 Archytam
555 1505 767 1582 l'arentinurpi)
796 1504 889 1556 sexies

94 1575 249 1629 exercitum
260 1573 371 1624 duxisse
382 1573 578 1640 comperimus,
594 1571 773 1624 etMelis'sum
787 1570 889 1622 navali·

94 1642 146 1694 hos
157 1641 267 1708 aliquot
274 1640 399 1690 victoriis
412 1640 466 1692 insi
488 1654 549 1690 nem
564 1639 666 1701 fuisse,
686 1645 715 1689 et
729 1644 774 1690 ter
786 1638 890 1704 stipen-

1 1753 15 1761 .
95 1709 142 1761 dia
151 1709 256 1760 iecisse
267 1705 423 1770 Socratem,
437 1712 466 1756 ct
500 1705 622 1756 latonenr
636 1711 664 1756 et
677 1702 889 1772 Xenophontem

94 1775 239 1844 egregiam
255 1772 371 1830 inbelle
387 1773 492 1824 civibus
505 1773 563 1824 suis
579 1786 690 1838 operam
706 1769 888 1838 praestitisse.

95 1841 170 1904 Quid
180 1839 230 1892 illa
238 1839 446 1907 propugnacula
455 1838 602 1900 Graeciae,
620 1835 890 1900 Per·iclem‚Themi·

95 1907 227 1969 stoclem,
247 1904 463 1970 Epaminondam
482 1903 596 1972 loquarl
615 1904 687 1964 Quid
706 1904 756 1955 illa
773 1903 890 1955 Romani

93 1973 206 2090 imperii
214 1971 362 2033 columina,
373 1971 530 2039 Scipiones,
539 1971 682 2033 Lucullos,
691 1970 807 2033 Fabios,
817 1969 890 2020 Mar·

96 2053 129 2092 ce
143 2038 201 2101 lo‘s,
234 2038 305 2088 alios
327 2051 360 2088 ue
389 2038 603 2090 innumerabiles
630 2036 786 2104 proterant
819 2049 891 2102 quos

96 2119 194 2178 ramnes
204 2119 264 2156 cum
274 2053 382 2156 bellicis
391 2103 519 2155 laudibus
530 2104 634 2166 claros,
648 2115 707 2154 tum
716 2107 889 2170 praestantes

95 2172 240 2224 doctrinae
252 2169 353 2221 studiis
367 2169 469 2232 fuisse,
479 2167 613 2222 historiae
627 2169 785 2237 loquuntur.
819 2167 890 2220 Nam

94 2238 194 2290 lulium
205 2238 367 2298 caesarem,
378 2237 439 2303 quis
449 2237 547 2298 nescit,
558 2244 621 2288 utra
630 2236 712 2289 laude
724 2239 889 2304 praestaret,

46 2305 58 2322 ‘
97 2303 255 2371 ambiguum
267 2303 388 2370 posteris
401 2302 564 2370 reliquisset
582 2303 684 2354 Brutus
699 2310 791 2356 autern
806 2316 890 2368 quan-

96 2373 126 2423 to
146 2369 303 2422 litterarum
321 2369 422 2420 ardore
441 2369 615 2436 flagraverit,
634 2368 680 2419 rel
694 2383 729 2422 ex
742 2383 776 2419 co
791 2365 888 2431 colligi

95 2443 202 2506 potest,
239 2434 295 2487 uod
306 2449 341 2485 ea
352 2435 414 2502 ipsa
423 2443 519 2497 nocte,
528 2449 600 2502 quae
610 2441 726 2486 mortem
741 2433 829 2496 ipsius
843 2445 889 2480 an·

95 2506 220 2566 tecessit‚
255 2502 357 2553 latonis
371 2500 445 2552 dialo
485 2495 890 2554 mdeanimorumimmortali·

94 2575 153 2623 tate
162 2571 268 2638 legisse
278 2568 427 2641 aliquoties
459 2569 549 2621 'eitun
583 2569 671 2631 Atque
684 2563 737 2614 hoc
747 2561 889 2626 praeclare

95 2669 147 2769 aa
159 2670 224 2768 {sec
238 2667 346 2724 exempla
363 2669 506 2735 conuscat
523 2677 555 2712 ex
575 2661 672 2722 Aeliano
686 2658 717 2704 V.
736 2657 767 2703 ll.
785 2657 839 2704 Vll.
859 2663 892 2702 lt.

149 2739 162 2768 n
751 2760 753 2766 ι
