2146 3008
312 131 316 140 ’
362 134 615 222 οιιιτιοιιιι.
836 167 886 220 no

85 266 264 358 professione
277 281 381 348 'penum
402 268 496 320 inesse
520 268 664 348 dignitetis
688 267 886 350 existimarem.

86 339 143 392 bed
153 336 337 402 etdcrerpse
347 335 419 386 etde
432 337 570 404 nelonge
580 335 714 388 mrhrolm
724 349 818 401 opsmo
834 342 887 386 est.

87 404 220 467 Quemvis
231 403 303 454 enim
312 417 368 453 non
377 403 495 466 infitior,
505 415 634 470 stagnum
644 417 687 454 me
698 416 806 469 sonipes
815 416 888 452 amu·

7 483 8 498 ¹
85 480 177 530 torem
189 475 272 536 atque
287 469 483 522 admiratorem
496 471 618 522 disertae
633 475 715 536 utque
730 473 844 521 ornstoe
859 481 889 518 o·

87 539 204 590 rationis
214 535 314 598 fuisse,
329 537 510 604 studioseque
524 540 554 590 in
567 551 628 590 eum
640 551 699 598 rem
714 550 828 604 operam
841 533 888 586 de·

7 621 8 626 ¹
86 605 209 666 (ᾔειν),
228 604 324 666 etium,
339 605 365 654 si
379 604 478 667 vultis,
494 604 642 672 aliquando
658 603 824 684 imposuisse
839 615 889 667 po·
955 621 973 637 κ
1023 615 1029 627 ‘

87 671 211 739 pulo**),
225 675 255 720 et
268 670 342 736 apud
354 685 416 732 eos,
431 672 479 738 qui
490 687 605 722 meeum
616 671 801 723 deterioribus
815 683 889 720 com·

88 738 235 856 parebant,
253 735 283 786 in
302 736 422 802 aliquem
444 751 500 788 non
517 737 632 790 infantis
651 751 740 805 neque
760 735 891 788 indiserti

108 803 209 855 ononis
227 803 386 869 opinionem
404 804 528 866 venisse,
547 818 648 855 vereor
666 811 771 867 temen,
788 819 823 854 ne
843 816 890 854 ex·

89 870 179 938 emplo
189 883 253 920 meo
263 869 440 936 comprobem
449 869 491 931 isi,
502 870 577 935 quod
586 869 698 921 tradunt
707 871 747 920 rei
760 868 890 922 militaris

7 959 11 964 ·
89 939 256 1004 scriptores,
269 936 353 986 etiam
365 941 513 987 veteranos
523 936 625 986 milites
635 951 685 1002 pro
696 937 833 988 tironibus
844 933 892 985 hs·
913 928 916 941 “

89 1004 211 1066 bendos,
238 1017 299 1053 cum
319 1000 366 1064 diu
383 1001 567 1067 repugnando
587 1003 799 1066 cesserunt*⁴*).
834 999 892 1054 Sed

90 1071 220 1139 quoniam
231 1068 263 1118 id
275 1072 381 1118 tentum
394 1081 411 1118 s
422 1081 466 1118 me
481 1067 638 1134 exspectari
650 1082 683 1118 ue
693 1069 797 1134 requiri
812 1073 891 1134 puto,

89 1139 219 1206 primum,
238 1141 270 1186 ut
287 1134 380 1196 robis,
401 1133 607 1196 adolescentes,
626 1133 747 1184 indicem
766 1149 799 1186 so
813 1147 890 1186 eom·

90 1209 242 1256 monstrem
254 1215 301 1252 css
312 1201 384 1262 viss,
400 1201 499 1268 quibus
510 1200 546 1251 sd
556 1201 743 1266 eloquentiam
753 1215 837 1266 posse
847 1213 890 1250 sr-

7 1287 9 1294 ·
88 1272 179 1323 bitror
194 1268 345 1338 perveniri3
370 1268 472 1319 deinde
489 1267 575 1318 uted
593 1263 775 1333 superandam
794 1281 891 1318 esrum

7 1363 9 1376 ·
90 1335 292 1398 difficultatem,
307 1335 475 1402 quantumin
485 1334 605 1397 snserit,
620 1335 646 1386 si
655 1331 721 1400 quid
730 1333 815 1384 motio
826 1333 890 1394 erit,

7 1437 9 1464 z
89 1431 122 1444 -
135 1417 225 1469 neque
238 1409 330 1454 eutem
344 1403 471 1464 multum,
484 1415 575 1468 neque
589 1407 682 1452 tamen
694 1398 765 1450 nihil
778 1399 896 1452 omnino

88 1471 152 1523 iore
172 1470 282 1522 conlido
301 1497 334 1508 -
353 1469 458 1521 auxilio
479 1468 546 1531 sim,
564 1468 715 1534 suscipiam
734 1481 767 1518 es
790 1465 891 1518 subibo
983 1489 995 1500 ν

88 1537 184 1606 paullo
202 1537 309 1590 maiore
328 1551 389 1588 cum
408 1537 510 1588 fiducie
530 1550 599 1588 onus
612 1535 655 1596 id,
676 1535 750 1602 quod
763 1530 845 1594 mihi,
865 1531 892 1584 si

89 1617 180 1656 meum
189 1605 352 1670 perpetuum
363 1604 490 1671 publicae
504 1603 634 1655 utilitatis
648 1601 769 1655 studium
779 1599 891 1652 <livinae

7 1705 8 1710 κ
88 1671 270 1737 benignitatis
284 1685 352 1722 eure
366 1672 526 1733 concitetur,
540 1677 681 1738 utcunque
696 1683 779 1736 posse
792 1667 892 1718 videor

7 1741 8 1746 ’
89 1739 237 1788 sustinere.
273 1737 310 1788 Ut
324 1739 409 1800 enlm,
428 1739 454 1788 si
468 1739 530 1804 quis
543 1737 626 1792 homo
642 1752 728 1804 egens
742 1749 775 1788 oc
788 1733 892 1796 tenuis,

88 1801 161 1854 allos
172 1817 202 1854 se
213 1801 490 1870 collocuplststnrum
498 1819 560 1857 esse
569 1805 746 1872 profiteatur,
756 1801 904 1856 ridiculus*

69 1922 71 1926 ,
88 1871 139 1932 sit,
155 1871 198 1920 sin
209 1868 358 1918 idtentnm
371 1869 549 1932 pollicentur,
563 1877 738 1922 ostensurum
751 1885 794 1932 se,
809 1881 892 1937 quam

87 1937 163 1986 viem
172 1933 303 1982 insistere
313 1933 444 1994 debeant,
473 1935 502 1984 ui
512 1948 570 1996 rem
580 1935 674 1986 fecere
685 1938 811 2004 cupiunt,
821 1933 893 1988 nihil

88 2010 183 2054 temen
197 1997 318 2048 silenum
329 1999 412 2064 etque
423 1949 575 2051 chironem
590 2015 607 2050 o
616 2000 728 2053 fortuna
741 2019 792 2056 sue
805 2001 892 2054 susci·

7 2083 8 2090 ¹
74 2075 164 2140 ‘pere-
171 2064 310 2117 videatur:
329 2067 370 2115 sic
379 2078 447 2130 ego,
469 2067 495 2116 si
512 2077 546 2116 ee
559 2081 604 2116 ms
617 2067 782 2120 traditurum
797 2067 892 2122 dicere

89 2135 193 2198 susim,
211 2131 310 2200 quibus
323 2131 487 2210 eloquentes
500 2131 562 2183 fleri
575 2133 698 2198 possint,
716 2137 816 2186 merito
829 2135 893 2194 irri-

91 2204 172 2280 sleor,
186 2215 248 2253 cum
257 2199 312 2266 ipsi
324 2196 392 2252 mim
405 2211 502 2250 eorum
514 2199 668 2266 perexiguo
677 2213 741 2265 pers
751 2207 892 2268 suppetst3

136 2340 157 2396 ¹)
173 2339 220 2382 (lie.
230 2337 383 2383 roselmi.
393 2337 418 2382 io
426 2347 492 2392 qum
502 2333 688 2381 sententiosum
698 2335 731 2380 its
740 2348 782 2380 nos
791 2338 893 2384 studiose

91 2395 208 2454 [sperans]
219 2393 326 2440 deumne.

127 2453 157 2503 ³⁸)
170 2449 190 2494 l.
200 2464 221 2494 e.
231 2451 348 2505 decepisse
363 2446 485 2506 populum
503 2449 536 2494 sic
550 2448 609 2492 esim
625 2451 748 2503 usurpetur
761 2447 817 2492 osse
829 2446 891 2492 loco·

90 2507 133 2552 uo.
160 2505 240 2561 lisque
254 2507 327 2551 minus
339 2510 395 2562 spis
407 2507 444 2549 est
458 2504 480 2550 Ιι.
490 2503 507 2550 l.
517 2506 557 2550 ubi
569 2505 652 2550 Mutet.
663 2505 691 2549 ue
704 2517 731 2550 co
741 2506 799 2560 egit,
814 2507 852 2561 qni
862 2506 892 2550 stl

89 2561 200 2622 populum
209 2559 308 2605 vuluerit
318 2563 420 2606 diceudo.

118 2618 159 2672 ⁰¹¹)
175 2617 255 2670 Vogel.
267 2619 294 2661 de
308 2631 333 2661 rs
347 2616 413 2661 milit.
427 2615 472 2660 111.
482 2619 504 2660 9.
522 2615 581 2661 Nsm
596 2617 623 2662 tio
639 2619 752 2666 emmim
765 2617 891 2677 stciplemil

90 2677 158 2727 sunt,
167 2674 207 2730 qui
215 2685 316 2730 pugnus
325 2672 393 2728 lonso
403 2678 505 2732 tsnposs
515 2674 637 2722 desistunt.
