2146 3008
336 204 502 268 enarro
516 215 632 269 xxm.
841 219 891 272 aas

96 315 127 371 nd
154 329 250 369 eorum
277 313 461 368 imitationem
489 317 646 370 incitandos
668 334 724 372 non
751 321 889 372 immerito

95 401 135 443 nra
154 401 215 436 nam
240 383 295 433 vim
319 381 424 434 babere·
443 385 600 440 creduntur.
636 385 805 448 Seritamen
828 389 889 454 quis

95 460 164 506 ausit
188 449 283 501 harum
309 452 407 502 artium
431 451 516 503 uliam
541 467 602 504 cum
621 451 777 504 litterarum
796 453 890 506 studio

95 518 267 586 compararet
285 515 345 570 Nisi
355 517 429 570 forte
439 521 527 570 maius
540 526 583 572 est
594 535 704 589 agrum,
718 535 799 588 quam
812 522 890 588 inge·

94 587 179 650 nium,
194 586 301 648 coiere,
322 591 368 636 aut
381 587 455 637 iacta
469 588 612 638 interram
628 587 734 638 sentina
747 587 891 653 depactivc

95 651 237 718 surculi*),
269 667 348 718 quam
376 655 489 722 ingenia
515 654 671 720 praeceptis
695 651 891 720 philosophiae

93 720 214 783 consita,
236 720 384 786 ampliores
417 727 465 770 aut
486 721 631 774 uberiores
657 718 764 772 fructus
787 719 890 772 foruna

92 787 249 840 Mercatura
261 793 352 837 autem
361 783 406 835 vei
416 787 440 835 si
451 789 541 836 tenuis
553 794 609 850 est,
623 787 737 838 sordida
747 793 800 849 est,
811 787 856 838 rei
868 787 891 839 si

93 853 246 922 ampla,tot
256 853 385 918 exposita
393 853 591 918 per-iculis**),
606 854 745 906 utmerito
761 854 810 905 iile
825 853 891 906 oiim

93 915 167 972 Laco
178 919 330 986 negaverit,
341 917 490 984 optabilem
500 918 553 969 sibi
564 917 652 970 videri
663 917 812 984 fortunam,
821 935 892 988 quac

6 1015 7 1052 4
93 986 253 1040 'rudentibus
274 991 339 1052 apta
359 985 519 1048 esset**'‘);
548 986 715 1038 cuicuimodi
734 995 826 1038 autern
847 989 894 1050 sit,

6 1087 7 1096 κ
92 1053 153 1116 ‚iota
170 1051 230 1103 iere
251 1051 286 1102 ad
305 1056 449 1118 quaestum
468 1050 551 1100 etad
570 1050 676 1110 lucrum
694 1051 824 1106 refertur.
858 1055 895 1106 At

92 1119 246 1177 litterarum
264 1117 394 1168 tractatio
413 1123 442 1167 et
459 1115 603 1182 dignitatis
622 1119 784 1184 plenissima
803 1125 894 1172 estet

93 1186 205 1258 [quietis
217 1191 245 1235 et
254 1199 302 1235 eas
313 1197 381 1249 opes
392 1189 577 1262 consectatur,
588 1198 721 1264 quaenec
731 1185 830 1249 iurem,
840 1201 894 1240 nec

92 1254 260 1324 praedonem
272 1251 383 1313 timent,
397 1265 448 1300 nec
456 1249 608 1314 incendiis,
621 1263 724 1313 ruanis,
737 1251 893 1320 naufragiis

5 1315 8 1358 ¹»
91 1319 231 1379 obnoxiae
245 1324 321 1380 sunt,
337 1331 389 1370 nec
405 1316 606 1382 ullis-denique
621 1317 730 1368 casibus
747 1320 815 1386 eripi
830 1334 893 1385 pos·

92 1393 165 1442 sunt.
200 1387 256 1438 iam
270 1399 336 1436 vero
347 1399 418 1451 quae
429 1383 532 1450 apellis
544 1389 592 1434 aut
602 1383 769 1450 Protogenis
781 1383 892 1440 tabulae

93 1471 155 1510 cunr
174 1453 291 1508 Homeri
309 1454 430 1521 pictura,
452 1465 522 1519 quae
539 1449 656 1502 Phidiae
678 1455 725 1500 aut
744 1450 892 1502 Praxitelis

91 1529 199 1580 statuae
209 1533 270 1573 cum
279 1516 436 1573 litterarum
445 1519 631 1570 monumentis
643 1515 764 1568 conferri
776 1517 894 1586 queant!

90 1589 169 1652 Quos
188 1590 265 1658 ipsos
285 1585 368 1640 hodie
390 1587 596 1656 ignoraremus,
615 1585 669 1638 nisi
684 1584 847 1638 solidiorem
860 1599 893 1638 ac

91 1653 291 1712 'diuturniorem
311 1656 429 1724 gloriam
450 1661 545 1710 essent
571 1652 809 1706 commendatione
826 1653 893 1705 scri·

88 1730 214 1794 ptorum,
229 1739 308 1793 qoam
319 1725 388 1776 artis
399 1737 466 1776 suae
478 1721 621 1792 operibus,
634 1722 787 1774 consecuti.
823 1719 893 1774 Nam

91 1797 162 1861 ¹quae
173 1791 216 1842 iiii
228 1789 347 1841 artifieio
362 1804 413 1841 suo
424 1789 613 1852 elaborarent,
629 1795 658 1839 et
666 1788 754 1840 solius
767 1789 893 1856 corporis

90 1851 213 1925 effigiem
231 1857 433 1922 exprimebant,
454 1861 483 1904 et
502 1871 557 1904 uno
576 1861 683 1909 tantum
695 1856 894 1922 spectabantur

89 1923 119 1976 ln
135 1926 212 1984 loco,
234 1929 262 1971 et
281 1935 341 1970 eam
360 1927 484 1970 naturam
502 1917 653 1983 habebant,
672 1929 703 1972 ut
718 1938 762 1984 ea,
784 1923 808 1972 si
824 1919 895 1974 nibil

90 1985 182 2051 aliudn
201 1988 263 2054 ipsa
282 1990 357 2038 certe
377 1985 566 2052 longinquitas
579 1989 713 2052 temporis
731 1987 895 2042 coniectura

6 2091 8 2110 a
89 2073 124 2112 ac
153 2058 349 2120 consumptura
377 2057 461 2102 esset.
494 2054 530 2104 nt
557 2052 728 2103 cruditorum
752 2051 894 2108 hominum

88 2121 300 2178 lucubrationes
314 2125 343 2170 et
353 2120 491 2169 clarorum
505 2119 626 2169 virorum
639 2134 695 2168 non
707 2119 824 2171 sormam
835 2137 894 2172 mo.

89 2193 127 2248 do
140 2189 281 2258 corporis,
291 2185 473 2251 sedingenia,
484 2199 590 2246 mores,
601 2185 732 2249 consilia,
742 2200 788 2238 res
799 2194 894 2258 gestas

88 2258 243 2315 subiiciunt
254 2253 357 2318 oculis,
368 2259 397 2305 et
406 2251 520 2317 iisdem,
531 2251 629 2319 quibus
641 2249 717 2302 orbis
732 2253 792 2320 ipsc
807 2261 894 2307 terra·

137 2391 159 2450 ι)
173 2379 688 2445 ExPlin.}i.N.(11.bb⁹8)snnptuncatina
696 2381 805 2442 loquendi
816 2400 893 2442 genna.

126 2497 159 2554 ³¹¹)
173 2493 236 2538 rlrn.
244 2493 275 2536 n.
284 2489 316 2536 N.
326 2490 371 2534 XI.
382 2493 415 2536 19.
422 2493 457 2534 21.
471 2489 520 2536 rat
528 2489 640 2541 tourins,
648 2490 684 2536 iat
693 2487 782 2538 casibus
789 2489 834 2533 iam
845 2502 893 2534 aaa·

86 2555 182 2598 masan
191 2547 275 2595 animai
283 2549 413 2604 exproaitara
422 2550 468 2592 ast.

117 2641 162 2697 ⁸¹¹)
178 2639 227 2692 Gis,
235 2637 304 2694 Tua
309 2637 339 2682 V.
347 2642 420 2708 lapa-
430 2638 469 2684 nbi
478 2632 772 2705 Daviaiwcitati’lutueir.
780 2631 890 2691 apnpitt.

45 2708 50 2716 '
86 2689 764 2801 bt‘tttbtbbii:iihtt‘uiffbbl'nitti:mVi
778 2694 890 2748 Μ’·

216 2924 227 2953 l
