2156 3008
202 165 252 238 res
473 160 627 236 enarro
645 183 726 236 xlv.
753 221 755 226 .

199 293 245 337 tos
255 282 356 336 abhinc
365 285 496 347 annos‚*)
515 279 648 334 discussis
663 297 798 348 errorum,
812 284 911 352 quibus
924 285 1004 337 inro-

200 353 254 403 luti
267 360 358 413 erant,
373 351 510 410 tenebris,
527 350 561 400 ad
576 351 714 416 evangelii
727 351 816 402 lucem
831 353 1003 418 perduxerit

201 418 364 479 Quoddum
378 416 472 467 facere
486 417 639 482 ingredior,
660 417 756 468 adeste
772 433 875 485 quaeso
890 419 1003 481 animis,

201 487 356 552 quicunque
371 482 534 548 corporibus
550 483 667 544 adestis,
688 490 717 535 et
730 485 759 534 in
772 499 804 535 re
817 485 928 534 maximi
943 500 1001 536 mo·

201 553 288 602 menti
297 550 406 600 divinae
420 549 553 601 bonitatis
567 563 600 600 ac
613 551 766 618 sapientiae
780 549 1000 617 magnitudinem

201 615 387 668 considerate.

235 682 337 732 Omnes
344 681 404 732 fere
412 695 528 748 ntagnae
539 688 567 734 et
576 682 770 734 memorabiles
777 684 806 735 in
813 683 897 735 rebus
905 682 999 736 huma·

161 786 166 794 .
197 749 244 800 nis
256 748 424 800 nnatationes
437 749 578 815 aliquanto
592 756 673 800 antea
687 757 734 800 ant
747 766 802 800 nno
816 757 864 802 aut
873 751 999 816 pluribus

200 815 355 866 illustribus
365 829 398 866 ac
408 816 576 868 notabilibus
589 817 677 883 signis
687 817 817 868 divinitus
826 820 956 883 portendi
964 833 1000 870 ac

200 881 419 948 praesignificari
433 883 533 934 solent.
569 882 657 934 Conni
681 884 736 934 'tur
747 890 855 950 tempus
868 885 939 935 illud
953 899 999 952 ap·

200 949 412 1015 propinquaret,
426 963 481 1014 quo
495 963 525 999 se
536 947 613 1000 Deus
628 948 668 999 Po
682 951 742 1001 onis
760 951 919 1016 patefacere
937 964 998 1002 cos·

200 1029 255 1080 que
272 1015 357 1081 impia
374 1015 570 1084 superstitione
587 1023 720 1082 purgatos
739 1017 857 1068 coelesti
871 1017 998 1068 doctrina

29 1151 31 1158 γ
112 1076 119 1088 “
182 1127 187 1136 ,
200 1081 325 1132 imbuere
339 1087 485 1143 statuerat,
500 1082 673 1133 adventantis
682 1085 738 1134 iarn
748 1089 776 1134 et
786 1085 914 1135 instantis
925 1085 997 1134 salu·

200 1149 269 1200 teris
284 1149 360 1199 illius
373 1149 534 1200 mutationis
544 1146 627 1212 hanc,
661 1165 723 1200 uam
734 1166 800 1201 ‘mox
813 1151 945 1213 audietis,
961 1151 997 1199 si·

200 1214 408 1282 gnificationem
427 1214 513 1268 dedit.
547 1215 654 1282 impera
673 1216 997 1269 atPolonisZiemomis-

200 1281 259 1343 lus,
275 1281 359 1333 Lesci
369 1283 456 1345 lilius,
490 1282 598 1350 rinceps
614 1285 760 1350 (quatenus
770 1281 839 1334 haec
849 1284 996 1347 convenire

200 1346 382 1400 inhominem
395 1364 451 1400 non
466 1297 650 1401 Ebrietianum
679 1352 775 1412 neunt)
790 1357 818 1400 et
830 1352 954 1401 iustitiae
969 1356 999 1400 et

201 1414 365 1468 elementiae
375 1415 609 1468 etbcneiicentiae
618 1422 647 1467 et
684 1417 996 1484 'arumvirtutumlonde

201 1482 369 1543 cumulatus,
386 1489 415 1534 et
427 1484 457 1532 in
469 1497 523 1548 quo
537 1481 605 1532 nihil
619 1487 728 1548 praeter
742 1479 844 1529 Christi
861 1482 998 1546 cognitio·

200 1561 263 1599 nem
273 1548 455 1600 desiderares.
486 1548 569 1608 Huic,
580 1562 640 1597 cum
651 1546 751 1594 multos
762 1558 848 1593 annos
859 1546 919 1594 sine
928 1549 999 1600 libe·

199 1613 239 1665 ris
250 1621 338 1680 esset,
350 1615 524 1682 graviterque
536 1625 570 1660 ca
578 1625 608 1660 re
619 1615 778 1674 angeretur,
794 1609 905 1660 tandem
915 1617 998 1670 natus

200 1687 245 1732 est
254 1681 342 1743 filius,
357 1680 406 1730 sed
421 1675 509 1728 oculis
524 1681 632 1739 captus,
649 1675 688 1723 ita
698 1680 791 1724 utnon
802 1673 886 1727 facile
897 1678 998 1732 diiudi-

200 1747 258 1798 cari
268 1752 375 1814 posset,
385 1745 552 1794 maioremne
563 1740 687 1790 dolorem
697 1743 868 1808 percepisset
878 1759 914 1796 ex
925 1746 997 1797 orbi·
1063 1779 1064 1788 κ

121 1857 124 1862 ,
199 1819 270 1874 tate,
292 1827 326 1863 an
339 1809 500 1878 perciperet-
511 1820 546 1860 ex
560 1807 635 1858 unici
650 1807 701 1858 tilii
718 1811 862 1862 caecitate.
899 1812 998 1864 Omnia

196 1878 335 1938 remedia,
351 1887 446 1926 omnes
457 1873 627 1926 medicorum
640 1882 756 1926 conatus
768 1877 835 1927 mali
844 1881 997 1944 pertinacia

200 1944 293 1994 elusit
327 1941 384 1992 lam
403 1940 438 1992 ad
457 1943 602 2008 septimum
620 1957 719 1994 annum
736 1951 902 2010 pervenerat
918 1960 997 2012 puer,

180 2009 282 2074 ,eique
303 2007 392 2075 patrio
412 2008 532 2076 quodam
551 2010 607 2061 ritu
625 2012 740 2077 primam
762 2025 868 2062 comam
885 2014 997 2064 tonderi

199 2089 354 2142 nomenque
372 2075 477 2143 imponi
495 2078 656 2142 oportebat,
677 2091 738 2129 cum
752 2085 863 2144 praeter
877 2079 996 2130 omnium

200 2155 277 2206 spem
296 2142 388 2194 subito
408 2143 497 2195 oculis
516 2145 557 2196 uti
576 2145 677 2209 coepit.
713 2145 872 2196 lnce-edibili
888 2145 997 2196 laetitia

199 2207 328 2274 perfusus
347 2215 427 2275 pater
445 2217 614 2262 convocatos
633 2210 668 2261 ad
682 2225 712 2262 se
727 2209 851 2262 hariolos
868 2211 997 2274 consulit,

219 2275 266 2326 nid
281 2291 316 2328 ex
328 2283 385 2328 tam
398 2277 555 2328 admirabili
567 2290 699 2328 successu
712 2277 769 2328 lilio
783 2293 846 2340 sno,
861 2277 926 2343 quid
942 2279 997 2335 toti

243 2343 336 2396 ioniae
347 2343 574 2411 portendereturl
591 2343 778 2409 Respondent,
790 2358 823 2394 eo
834 2347 997 2408 imperante,

201 2409 347 2462 Poloniam
360 2411 524 2462 mirabiliter
533 2409 700 2460 illustratam
710 2411 755 2461 iri.
789 2411 832 2461 Ex
846 2425 880 2461 ea
892 2425 941 2477 epe
957 2419 997 2463 at-

201 2489 255 2544 que
275 2479 365 2530 omine
384 2492 471 2543 puero
490 2490 590 2526 nomen
610 2476 727 2527 inditum
743 2475 903 2539 Mieeislao,
922 2479 998 2543 qnod

201 2546 293 2612 gentis
315 2547 411 2612 lingua
432 2542 608 2610 significahat
627 2557 708 2605 eum,
730 2543 777 2609 qui
800 2543 854 2594 sibi
878 2545 998 2611 gloriam

235 2629 379 2684 oveten„
400 2623 507 2679 exemplo
530 2625 674 2669 scribendum
691 2625 737 2668 snt
754 2629 807 2668 mcc
824 2625 865 2670 lot
879 2633 999 2674 *sesemet

200 2695 275 2728 esses
283 2683 319 2728 vel
329 2681 412 2728 silim
420 2694 492 2724 aanor
501 2687 624 2727 sescentos.
