2146 3008
209 199 260 253 288
467 197 624 250 oltrTio
640 195 755 250 xxiii.

209 301 400 364 continuat*).
433 298 582 351 Praeclare
612 299 777 363 cinerum,
801 295 872 350 iiiia·
896 299 1004 368 quidem,
1033 339 1044 350 .

208 369 311 435 inquit,
328 367 373 435 φιν·
382 365 450 418 nitri
458 366 530 434 agit,
541 381 595 417 esse
605 367 712 416 omniun
724 382 779 417 neu
791 366 904 418 ridetur.
939 368 1004 426 Nam

208 443 239 486 et
252 434 359 502 physici
371 435 485 496 doceat,
501 444 571 501 quse
581 431 680 500 cuique
691 435 733 484 ret
742 447 843 486 caussa
851 440 907 498 est,
922 441 952 486 ut
961 435 1004 498 sit,

210 503 326 554 eandem
338 503 363 552 ei
374 515 437 552 esse
448 515 582 562 caussam,
594 506 625 551 ut
635 501 740 568 aliquid
750 507 823 568 agat

244 568 300 620 Sed
311 569 469 618 omittamus
483 565 534 617 hos
547 567 646 618 molles
656 573 686 617 et
696 567 844 629 delicatos,
857 581 947 633 neque
957 581 1004 618 eus

210 647 246 686 ex
259 647 370 696 somno,
390 635 436 684 cui
454 640 512 684 tam
531 633 651 688 libenter
669 633 826 700 indulgent,
846 636 1003 696 excitemus,

208 707 406 766 teneamusque
416 700 453 760 id,
460 699 534 765 quod
544 714 561 750 a
571 701 783 766 sapientissimis
792 699 859 750 viris
869 703 1017 768 proditum¹
1068 755 1070 760 ,

209 771 266 827 est,
281 765 352 820 nihil
363 780 425 818 esse
436 769 537 818 inertia
547 766 674 830 inedium
692 770 750 818 utic
761 767 797 818 ali
812 767 891 830 ritia3
911 768 1002 828 otium,

208 839 239 882 ut
254 847 309 883 non
326 833 505 900 gravissimus
519 836 603 900 putta
616 833 779 902 grauissime
793 839 884 884 tamen
904 835 1004 886 cecinit

210 897 335 950 Catullus
345 901 418 965 llt),
432 915 487 951 non
501 900 617 966 privatis
632 901 715 952 modo
730 899 900 962 hominibus,
915 901 1005 952 sedet

208 967 322 1034 regibus
334 973 362 1018 et
370 967 446 1035 prius
456 967 547 1017 beatis
557 967 671 1018 urbibus
682 968 760 1018 exitii
774 982 898 1018 caussam
906 965 1002 1018 fuisse.

155 1081 159 1098 ,
210 1032 279 1086 Cum
292 1035 379 1101 igitur
393 1035 485 1088 otiosa
494 1034 634 1100 etignsra
645 1035 704 1086 vita
717 1049 751 1086 ne
764 1034 822 1085 vita
835 1033 945 1102 quidem
958 1032 1003 1084 lna·

208 1099 300 1150 hunda
311 1103 360 1163 sit,
371 1101 525 1162 videamus,
539 1117 603 1151 num
613 1102 648 1153 ad
658 1102 777 1168 aliquem
787 1101 880 1180 petius
891 1101 1004 1152 aliarum

209 1168 322 1230 artium,
339 1183 420 1235 quam
430 1167 464 1218 ad
474 1167 596 1231 litteras,
610 1171 728 1222 animum
741 1169 863 1218 adiicere
875 1175 1003 1235 praestet.

208 1232 345 1301 Equidem
366 1249 427 1286 cum
445 1239 537 1284 mente
557 1247 590 1284 ac
610 1237 782 1302 cogitatione
802 1234 938 1301 perlustro
957 1247 1005 1284 eas

209 1308 298 1365 artes,
313 1301 412 1370 quibus
427 1317 489 1353 cum
498 1299 575 1352 hisce
591 1303 693 1354 studiis
703 1302 806 1354 nostris
818 1307 866 1353 eut
875 1301 949 1352 nulls
958 1307 1005 1350 eut

208 1382 265 1420 nun
279 1383 379 1437 aragne
391 1368 547 1422 communic
565 1373 621 1432 est,
641 1383 677 1420 cx
690 1370 726 1420 iis
740 1367 863 1436 quidem,
884 1381 953 1436 quae
965 1368 1006 1418 ita
1064 1380 1070 1400 ⁴

208 1437 386 1491 necessariae
405 1441 482 1498 sunt,
501 1440 534 1486 ut
551 1433 592 1486 eis
612 1434 711 1486 civitas
723 1435 799 1486 nullo
813 1433 896 1486 modo
911 1447 1006 1486 carere

208 1503 316 1568 pessit,
340 1503 409 1556 duas
434 1501 598 1566 praecipuas
619 1501 727 1562 iudico,
758 1501 956 1568 agriculturam
980 1509 1009 1552 et

208 1575 404 1628 mercaturam
423 1581 458 1618 ex
467 1567 503 1616 iis
512 1572 619 1626 autem,
633 1579 705 1630 quae
718 1565 754 1614 sd
769 1574 960 1620 ornamentum
970 1568 1010 1619 ci-

208 1634 303 1684 vitatis
315 1639 343 1684 et
351 1632 386 1682 ed
396 1631 503 1682 animos
514 1628 632 1678 honeste
644 1629 786 1692 voluptate
799 1631 1011 1695 persuadendus

227 1699 359 1758 ertinent,
374 1696 441 1746 duas
451 1693 562 1744 minime
572 1693 701 1744 sordidas
710 1694 875 1762 minimeque
885 1697 1011 1752 illiberri.

219 1779 262 1824 es,
282 1765 415 1829 picturum
434 1766 466 1810 et
480 1761 651 1819 statuarium.
686 1759 755 1812 Nam
769 1763 844 1829 quod
859 1763 928 1814 boni
943 1783 1011 1820 una·

207 1828 333 1895 quaeque
347 1826 444 1878 civitas
458 1825 602 1895 percipere
618 1843 653 1880 ex
665 1841 716 1879 auo
727 1833 756 1880 et
767 1831 859 1896 patrio
873 1832 936 1884 solo
947 1843 1010 1900 put-

206 1900 263 1956 est,
277 1894 306 1945 id
317 1893 487 1960 agricultura
502 1894 597 1948 educit
613 1902 695 1964 etque
709 1896 797 1961 eiieit3
816 1913 871 1966 quo
885 1907 964 1968 eget,
980 1903 1009 1953 id

206 1961 318 2014 aliunde
333 1969 489 2015 mercatura
501 1969 664 2032 comportat.
699 1964 743 2015 ita
755 1965 853 2018 civitas
867 1967 927 2018 sine
939 1969 1008 2020 alte·

204 2030 263 2084 rius
284 2044 337 2096 ope
356 2045 391 2082 ne
411 2031 469 2084 suis
492 2030 603 2112 quidem
627 2031 725 2098 upibus
750 2031 865 2098 inuitum
889 2033 1008 2086 alterius

204 2095 341 2152 beneficio
356 2096 458 2150 fruitur
472 2105 554 2151 etiam
567 2099 676 2151 alienis.
712 2098 854 2152 Pictorum
870 2106 964 2154 sutem
979 2106 1007 2152 et

110 2191 114 2200 ·
205 2167 401 2220 matuariorum
416 2181 502 2233 opera
512 2172 541 2217 et
553 2166 703 2232 voluptatis
720 2173 804 2232 utque
813 2166 1007 2218 admirationis

204 2231 308 2286 hubent
318 2233 473 2300 plurimum,
481 2239 510 2284 et
520 2247 590 2300 quac
601 2233 756 2285 liberalium
767 2233 865 2284 artium
876 2240 1007 2297 nctaest,

203 2300 322 2368 ingenii,
334 2315 388 2350 uon
399 2301 533 2366 corporis,
545 2301 650 2351 viribus
661 2306 797 2362 constant,
809 2299 882 2350 etad
892 2313 1007 2352 conser-

203 2367 321 2420 vandam
341 2366 480 2420 clarorum
494 2368 617 2420 virorum
639 2367 814 2429 memorium.
837 2369 1006 2438 ceterosque

252 2502 273 2558 ')
288 2500 386 2546 Edfliull.
394 2503 436 2556 &pyr
445 2519 463 2545 st.
473 2503 508 2554 ἦμι
522 2501 572 2544 til.

207 2548 738 2657 ux0n¹⁰i⁰l1323ssll's³lt‘.⁰i'n³i'lil3
752 2549 777 2595 ¹·
786 2549 866 2600 Μ’*

236 2634 268 2714 ’··)
284 2660 312 2702 a·
346 2631 553 2702 .'n.11.v1e.'sxts.
646 2631 652 2645 '
734 2627 741 2644 ’

231 2713 272 2770 κ.)
289 2713 339 2757 ο.ι
348 2713 387 2758 Π.
398 2715 431 2757 151
580 2722 584 2734 1
