2156 3008
388 165 538 240 enarro
559 185 611 244 xi.
841 191 902 246 -rm

219 367 221 372 ,
458 317 554 376 rao·
859 359 864 378 ,

127 421 321 480 uurouso
338 421 377 474 11.
405 421 514 482 nucu
539 420 775 486 acerruma,
794 435 868 488 sne.
903 469 905 476 ,

241 507 294 580 an
321 505 424 562 rium
440 505 492 560 iv.
516 504 637 560 romu.
663 499 758 559 mlx.

51 737 54 744 ’
158 787 162 797 Ι
278 737 646 806 ,···κοηέτιιΑ“υῐτΔ
907 723 909 731 ’

135 803 178 890 Si
196 839 260 907 quis
276 843 335 902 est,
354 839 402 906 qui
416 841 609 910 seirecupiat,
628 831 789 894 beatissime
806 833 901 908 Pater,

139 911 205 957 anto
228 906 331 974 gaudio
342 905 480 973 ‘perfusus
499 909 537 960 sit
553 907 685 960 Alionsus
703 909 736 960 ll.
755 910 901 964 Ferrariae

75 1027 77 1036 ,
128 987 177 1034 ux,
205 979 388 1041 posteaquam
406 979 434 1026 te
458 976 488 1025 iu
505 991 639 1028 summum
661 976 745 1026 istum
767 982 797 1027 et
819 977 901 1032 coelo

5 1049 6 1092 t
99 1039 256 1106 proximum
283 1041 428 1107 dignitatis
459 1048 541 1107 atque
569 1041 757 1106 amplitudinis
785 1044 902 1110 gradum

5 1157 6 1174 ἶ
100 1106 239 1156 communi
248 1113 357 1172 patrum
373 1107 493 1160 oninium
502 1106 644 1158 vuluntate
654 1123 687 1159 ac
696 1109 800 1160 iudicio
811 1110 902 1161 subla·

5 1189 6 1198 ¹
99 1179 230 1238 telmesse
241 1174 384 1240 cognorit:
401 1174 440 1235 is,
451 1173 476 1224 si
486 1174 641 1224 oraticnem
654 1189 743 1224 meam
752 1175 901 1241 cogitatio·

5 1241 9 1290 i
99 1252 135 1288 ue
149 1253 201 1290 aua
214 1240 358 1309 subsequi,
373 1255 495 1309 quasque
508 1238 557 1292 ille
572 1240 710 1306 gaudendi
725 1255 839 1293 caussas
853 1239 901 1294 ba·

99 1303 174 1367 buit,
194 1320 288 1358 earum
306 1321 486 1374 unaquaeque
506 1313 635 1375 quantum
649 1306 782 1374 ponderis
796 1321 900 1360 aerme-

99 1371 187 1423 menti
199 1369 314 1436 habeat,
331 1373 481 1454 diligenter
494 1373 650 1442 expendere
664 1373 798 1436 vuluerit,
818 1375 902 1432 simul

40 1490 42 1493 ,
100 1444 130 1490 et
137 1438 180 1500 id,
196 1441 270 1506 quod
286 1441 373 1508 cupit,
387 1441 542 1510 intelliget,
555 1439 675 1503 etmihi,
695 1441 720 1492 si
732 1440 807 1492 forte
823 1441 900 1494 illiue

100 1505 196 1572 gaudii
205 1506 423 1574 magnitudinem
432 1510 524 1561 verbis
540 1522 696 1575 exaequare
706 1523 761 1560 uon
770 1513 901 1574 potuero,

99 1571 301 1638 ignoscendum
323 1575 417 1692 potius
437 1591 518 1642 quam
543 1575 761 1626 succensendum
781 1575 899 1642 putabit.

5 1647 11 1658 '
99 1637 170 1690 litam
189 1654 250 1694 cum
269 1655 303 1692 ea
341 1643 440 1694 icendo
459 1643 605 1696 tractanda
623 1647 700 1705 sunt,
728 1657 798 1709 quae
820 1642 898 1696 naillc

99 1707 247 1764 verborum
262 1721 365 1774 genere
382 1710 450 1761 satis
465 1711 582 1778 exprimi
593 1715 723 1778 possunt,
737 1709 810 1762 acris
821 1715 850 1760 et
858 1710 899 1762 in-

98 1772 253 1840 tclligentis
273 1777 459 1829 aestimatoria
473 1783 531 1841 est,
550 1793 606 1828 non
621 1776 739 1829 dicentis
753 1775 899 1828 imbecilli-

98 1843 186 1892 tatem
202 1855 348 1904 aeeusare,
367 1842 418 1894 sed
434 1857 468 1894 eo
484 1845 546 1910 ipsc
564 1845 656 1909 potius
670 1851 832 1912 argumento
846 1843 899 1908 uti,

99 1912 132 1958 ut
148 1906 191 1971 id,
211 1907 286 1974 quod
300 1910 404 1976 agitur,
426 1909 566 1976 singulare
583 1911 712 1976 quiddam
726 1916 755 1962 et
768 1911 899 1962 eximium

99 1986 164 2024 esse
174 1974 291 2038 iudicet,
306 1977 379 2043 quod
390 1975 425 2026 ad
434 1975 464 2026 id
472 1975 679 2042 exprimendum
689 1979 764 2028 nulla
775 1977 900 2057 potuerit

101 2039 172 2090 satis
191 2039 338 2094 vehemens
357 2050 439 2112 atque
458 2042 575 2094 illustris
591 2045 681 2098 oratio
693 2044 820 2111 reperiri.
853 2043 902 2098 Ab

99 2105 198 2160 sensus
212 2114 304 2160 autem
323 2111 460 2164 secundus
474 2115 504 2161 ut
515 2109 651 2174 insignem
665 2111 801 2175 quandam
819 2111 899 2162 laeti·
993 2151 996 2158 .

5 2219 7 2234 ,
100 2174 168 2225 tiam
183 2177 340 2242 perciperet
354 2191 389 2228 ex
399 2191 446 2239 ec,
466 2177 541 2244 quod
555 2175 707 2241 sapientiae
717 2182 782 2228 tuae
792 2189 900 2230 summa

99 2241 188 2292 totius
203 2242 339 2294 ecclesiae
353 2244 517 2310 gubernatio
529 2241 622 2293 delata
632 2248 716 2304 esset,
728 2257 788 2295 cum
797 2243 899 2298 iisdem

5 2327 7 2344 ι
100 2305 158 2357 illis
169 2311 276 2366 caussis
289 2309 423 2361 adductus
435 2316 490 2374 est,
501 2324 570 2378 quae
581 2313 692 2358 ceteros
706 2324 814 2376 quoque
825 2311 913 2376 prin--

5 2371 6 2382 ¹
101 2372 178 2440 cipes
189 2373 377 2428 Chrsistianos
389 2375 545 2428 admirabili
561 2375 596 2428 eb
610 2389 670 2440 eam
682 2388 741 2426 rem
754 2377 898 2444 voluptate

5 2477 6 2488 ,
100 2441 318 2506 eundemne),
328 2449 386 2496 tum
399 2443 463 2494 aliis
478 2445 562 2496 etiam
572 2442 735 2512 quibusdam
745 2441 781 2496 ad
794 2455 824 2494 se
834 2457 898 2512 prc-

125 2539 155 2594 ·),
164 2540 211 2584 cic.
231 2540 262 2584 ad
277 2541 341 2594 ran,
351 2540 396 2584 IX.
408 2545 440 2586 lt.
449 2555 485 2596 pr.
495 2543 547 2588 Etsi
562 2545 681 2586 contmtus
695 2556 767 2592 eram,
782 2541 813 2585 mi
826 2539 899 2586 licien
914 2585 916 2588 ,

98 2593 172 2646 bella,
182 2601 222 2642 tua
231 2595 305 2650 gloria
317 2599 419 2653 setisque
434 2611 465 2642 ex
473 2612 502 2642 ee
511 2613 611 2652 magnam
625 2597 735 2644 laetitiam
747 2596 899 2652 voluptatem·

99 2653 283 2708 quempiebsm,
292 2657 368 2698 tumen
377 2667 422 2696 uon
437 2667 529 2712 passura
546 2668 592 2702 acu
609 2655 725 2710 anates.
739 2653 852 2704 walari
863 2665 899 2698 nu

97 2707 305 2770 meimgaudic,
316 2709 428 2766 quedele-
872 2709 882 2722 “
