2146 3008
332 211 483 266 ORATIO
500 209 596 266 XXV.
813 213 863 265 259

62 318 182 374 Polonis
204 313 394 384 periclitantis
413 321 443 367 st
458 329 556 382 regem
586 327 666 366 suum
678 311 864 382 'implorantis

61 387 169 456 patriae
179 399 250 437 voce
264 391 425 446 revocatus,
439 395 501 434 oum
512 379 624 433 eusdem
634 380 698 432 illos
713 381 865 433 dissensio·

62 469 127 516 nes,
147 467 218 520 quse
234 450 343 502 Galliae
355 465 471 518 regnum
504 463 571 515 repe
586 447 791 510 subverterant,
809 464 865 499 non

62 519 147 572 modo
165 534 222 576 non
241 518 354 569 sedatus
374 525 422 568 aut
439 518 594 584 mitigatas,
608 515 660 567 sed
672 521 768 567 suctos
783 515 867 566 etiam

64 601 98 638 ne
117 586 314 636 corroboratus
330 583 509 647 offendisset,
527 589 675 652 corruptos
688 597 722 634 ne
735 581 867 649 deprava·

64 660 109 704 tos
134 651 170 702 ob
192 652 329 703 bellorum
356 651 560 718 longitudinem
582 665 690 712 mores,
717 649 886 701 multorumt

64 719 183 782 snimos,
197 719 281 770 etism
292 733 327 770 ex
336 720 385 780 iis,
399 719 447 784 qui
459 732 490 769 se
502 715 663 768 Catholioos
677 731 741 768 esse
754 717 866 785 prolite-

63 785 176 849 bantur,
191 787 283 837 studio
298 786 417 851 partium
429 782 565 844 inlectos,
582 783 666 848 plens
679 785 772 835 omnis
781 783 867 835 lieen-

64 853 130 915 tiso,
140 853 223 919 plena
231 851 398 916 rapinarum,
408 850 491 916 plens
501 849 646 912 scelerum,
654 849 737 915 plens
746 849 868 902 bostium

66 925 95 971 et
103 926 280 971 externorum
291 923 319 968 st
334 916 564 966 domesticorumt
583 915 680 966 endem
693 922 800 980 tomen,
814 931 868 984 qun

67 1000 176 1052 semper
185 984 286 1045 fuerat,
299 983 383 1032 enimi
392 981 553 1046 praesentio
562 997 594 1032 ac
603 982 807 1048 magnitudine,
817 990 868 1036 tuo

67 1053 160 1112 etiam,
169 1048 331 1101 beatissime
342 1047 435 1108 Peter,
444 1053 473 1097 et
482 1048 601 1100 consilio
616 1053 644 1098 et
654 1048 759 1099 suxilio
769 1048 870 1112 fretus,

31 1149 35 1158 »
65 1117 170 1170 bellum
182 1114 297 1180 repetiit
309 1128 342 1164 se
355 1113 569 1182 redintegravit,
588 1113 690 1181 diuque
700 1115 768 1166 viris
779 1116 870 1182 equis·
909 1143 913 1151 ·

87 1183 168 1245 ue*),
178 1188 210 1233 ut
218 1180 329 1242 dieitur,
339 1181 459 1231 tentavit
468 1181 588 1244 efficere,
599 1186 630 1231 ut
639 1181 667 1232 vi
677 1187 705 1231 et
715 1181 799 1232 ermis
809 1195 870 1247 per-

66 1199 172 1303 domito
188 1247 392 1299 contumacium
407 1252 435 1298 et
444 1247 524 1314 regni
535 1247 762 1314 perturbatorum
774 1261 870 1315 super·

65 1319 177 1383 binpex
186 1319 215 1365 et
264 1313 304 1366 'os
319 1313 431 1364 tandem
441 1314 590 1381 aliquando
601 1313 695 1365 fessae
704 1314 869 1364 totcelnmi-

65 1384 170 1438 tetibus
193 1381 303 1432 Gallae
324 1377 500 1432 redderetur.
535 1380 593 1433 Sed
609 1386 641 1432 ot
664 1380 869 1442 animadvertit,

66 1451 137 1503 nibil
152 1447 322 1510 eiuratione,
341 1461 423 1514 quom
435 1453 492 1500 tom
507 1447 555 1498 diu
567 1453 709 1510 tenuerat,
723 1447 823 1514 profici
835 1462 869 1499 eo

64 1517 160 1600 potius
172 1522 203 1567 et
214 1529 302 1582 regno
318 1519 346 1566 et
355 1513 489 1632 reliqroni
502 1513 680 1568 vehementer
695 1513 783 1578 offici,
798 1529 869 1582 quae

65 1599 123 1636 ram
136 1583 231 1635 multis
243 1583 272 1633 in
288 1581 398 1634 Galliae
448 1583 489 1634 eis
509 1581 679 1645 labasceret,
697 1581 869 1650 eplerisque

66 1650 427 1720 etiempenitusexsuluret3
444 1650 764 1704 innrsnonsovsstsri
826 1665 869 1712 os,

65 1719 168 1786 oppido
181 1719 277 1784 diripi,
297 1719 391 1770 omnin
404 1719 507 1770 itinero
521 1719 661 1772 latronum
675 1733 708 1770 oe
721 1732 788 1785 pros
809 1724 868 1770 eto-

63 1801 125 1838 rum
147 1785 309 1838 cohortibus
334 1786 470 1846 obsideri,
497 1787 579 1854 regni
601 1787 675 1838 uires
698 1785 868 1854 quotidianis

66 1853 199 1904 coedibus
213 1866 244 1902 sn
258 1850 398 1916 stragibus
412 1855 551 1915 enervari,
564 1867 632 1920 opes
644 1853 786 1906 immensis
796 1867 868 1904 sum·

84 1919 159 1968 tibus
169 1915 333 1976 exhauriri,
350 1917 580 1969 innumerabilem
592 1920 647 1970 vim
660 1919 868 1972 teterrimarum

64 1933 222 2038 iecinorum
240 1982 270 2030 in
285 1987 405 2048 utroque
424 1983 550 2033 exercitu
563 1983 688 2049 quotidie
704 1986 868 2051 perpetrari,

67 2055 218 2102 extremam
234 2047 342 2099 cladem
357 2061 391 2098 se
403 2049 555 2128 perniciem
568 2050 725 2116 imminere,
744 2053 800 2103 nisi
811 2067 868 2102 ms-

65 2125 128 2172 turs
147 2115 353 2167 subveniretur:
373 2113 449 2166 ahud
467 2115 522 2165 sibi
542 2115 689 2167 eonsilium
703 2119 867 2169 necessario

66 2182 230 2250 capiendum
252 2180 396 2232 iudicarit.
432 2180 560 2246 Optimus
575 2197 609 2233 ao
620 2181 782 2235 mitissimus
814 2185 873 2234 rim,

65 2265 142 2318 oens,
153 2249 201 2316 qui
210 2261 309 2300 seuere
319 2248 405 2298 vellet
413 2261 493 2310 suos,
503 2261 559 2298 non
568 2248 696 2316 perdere,
705 2243 780 2301 idem
789 2197 877 2311 fecie

66 2317 143 2386 quod
161 2315 312 2384 prudentes
325 2315 427 2366 mediol
440 2314 545 2366 solenti
563 2316 611 2381 qui
624 2329 686 2366 eum
699 2316 867 2378 ustionibus,

65 2383 252 2446 sectionibus,
282 2381 388 2444 inedie,
417 2380 590 2434 deductione
622 2383 780 2450 sanguinis,
805 2397 867 2434 -non

65 2451 206 2513 morbum,
223 2447 275 2502 sed
294 2455 438 2517 aegrotum
458 2451 548 2518 ipsum
562 2449 662 2502 oonlloi
675 2464 709 2501 no
721 2448 886 2517 profligari*

63 2518 175 2580 vident,
195 2516 231 2568 nd
249 2516 334 2568 uliam
352 2517 467 2568 curandi
485 2517 624 2569 rationem
640 2516 818 2585 conrugnnn,
830 2523 868 2569 ·et

64 2584 197 2637 fomontis
220 2599 254 2636 ae
274 2583 405 2636 remediis
425 2583 603 2648 mollioribus
626 2589 656 2638 et
672 2578 865 2654 rietu'peullo

93 2682 115 2737 ⁸)
133 2681 181 2726 cie.
191 2682 252 2725 Phil.
261 2681 327 2727 vm.
339 2685 358 2725 l.
368 2683 430 2736 fors,
448 2687 474 2726 ut
489 2697 566 2729 omnes
576 2685 710 2730 infirmasti
721 2686 786 2739 odio,
803 2688 866 2730 esei-

63 2741 107 2786 tsti
119 2737 204 2790 dolore,
214 2739 289 2791 ermis,
300 2741 371 2796 equis.
381 2741 437 2785 viris
447 2741 477 2785 D.
487 2741 558 2786 liruto
567 2743 745 2788 subvenimus.

603 2801 660 2852 Re
