2146 3008
299 238 307 250 ¹
371 175 525 230 oasrro
547 175 627 229 xix.
848 177 902 232 nos·

101 285 217 332 terreret
225 275 324 340 lentes,
335 277 366 330 de
374 278 487 330 secundo
495 277 594 345 proelii
602 277 675 330 exitu
685 277 784 329 nemini
793 280 901 340 esseda·

8 375 10 380 ,
99 344 248 400 'luendum
282 345 394 408 Audivi,
413 347 506 398 audivi
525 346 586 412 ipse
606 345 640 396 de
659 344 815 396 fortissimo
830 347 901 409 viro,

102 414 182 465 cuius
191 410 298 472 ¹eximia
310 413 398 479 virtus
411 419 440 463 et
452 427 537 479 saepe
547 412 617 462 alias
632 418 661 463 et
669 414 698 464 io
708 409 762 462 hoc
772 411 847 463 bello
857 411 904 464 vel

102 479 221 532 maxime
234 485 361 544 spectata
373 485 430 542 est,
444 481 545 545 quique
559 485 669 530 tuorum
681 478 711 528 in
725 476 776 528 hae
791 479 903 545 expedi·

102 542 181 597 tio‘ne
201 544 383 598 consiliorum
394 561 428 598 ac
439 545 566 598 laborum
581 547 720 613 particeps
735 544 801 607 fuit,
822 560 904 612 quam

103 611 275 680 praeclarum
294 613 346 664 tibi
359 627 494 680 quamque
514 612 695 664 honorificum
714 613 905 666 testimouium

104 677 349 730 tribueritdivinus
359 679 524 732 adolescens
533 680 792 742 loannesriustriua
802 679 904 746 postci-

105 745 222 808 die-eius
232 745 302 809 diei,
312 761 367 812 quo
378 746 546 798 debellatum
556 752 608 810 est,
619 761 681 796 cum
691 753 785 812 aperte
795 745 904 814 praedi·

106 817 195 873 caret,
211 817 290 863 tuum
302 814 332 862 in
345 811 397 862 hae
410 819 507 863 sancta
520 812 587 864 belli
604 813 740 864 socictate
759 811 906 864 comenda

106 884 217 946 praeter
229 885 338 931 ceteros
351 878 478 928 laborem
489 893 522 928 ac
535 877 669 938 studium,
683 881 713 928 in
724 879 904 932 deliberando

106 944 281 1011 prudentiam
293 951 322 996 et
332 941 508 995 altitudinem
518 943 616 1005 animi,
628 943 658 992 in
671 957 702 992 re
717 945 905 1011 gerendaior·

106 1010 254 1064 titudinem
264 1017 292 1062 et
302 1010 474 1060 alacritatem
484 1009 639 1068 exstitisse,
653 1015 684 1058 te
694 1017 723 1059 et
735 1013 906 1066 committen·

108 1076 137 1130 di
149 1077 252 1144 proelii
266 1077 492 1140 concussorem)
512 1081 540 1126 et
554 1072 754 1141 comparandae
771 1079 906 1130 victoriae

107 1141 263 1196 adiutorem
272 1141 326 1192 sibi
336 1141 511 1206 praecipuum
521 1141 618 1192 fuisse.

143 1210 221 1270 Quae
235 1223 296 1258 cum
310 1205 404 1256 omnia
416 1222 517 1274 magna
531 1214 559 1258 et
574 1204 718 1271 praeclara
731 1208 800 1270 sint,
818 1207 906 1259 multo

107 1283 201 1328 tamen
217 1279 271 1324 ate
284 1273 392 1323 maiora
403 1279 433 1324 et
441 1273 630 1340 praeclariora
637 1272 756 1338 populus
767 1275 906 1327 Romanus

108 1345 261 1406 exspectat.
296 1337 463 1404 Proponant,
482 1341 521 1392 Μ.
537 1340 650 1402 Antoni,
671 1345 768 1389 nostra
786 1340 908 1390 omnium

107 1413 187 1468 sota,
201 1408 302 1473 quique
313 1407 411 1457 animis
422 1408 576 1473 praesentis
587 1405 681 1472 gaudii
691 1405 908 1472 magnitudinem

109 1488 209 1542 capere
220 1474 266 1524 vix
276 1487 435 1540 possumus,
449 1489 541 1526 rerum
551 1489 569 1524 a
579 1479 606 1524 te
617 1479 756 1540 gestarum
766 1477 908 1538 praestan·
952 1476 958 1486 ‘

109 1545 162 1604 tia,
172 1541 251 1608 quasi
262 1539 424 1606 quibusdam
435 1542 500 1604 alis,
510 1541 625 1603 sublati,
637 1539 807 1606 cogitatione
819 1545 848 1589 et
858 1551 908 1604 spe

99 1608 196 1662 'multo
206 1611 262 1659 iam
272 1607 388 1659 ulterius
398 1609 583 1674 provolamus.
618 1606 680 1658 Non
691 1607 760 1657 satis
770 1612 813 1657 est
821 1606 908 1672 impu·

109 1675 178 1729 llsse
200 1673 320 1727 hostem:
346 1677 564 1741 prosternendus
589 1681 618 1728 et
639 1673 835 1740 opprimendus
854 1678 907 1736 est,

109 1749 256 1808 autequam
277 1755 308 1792 se
326 1744 406 1794 novis
429 1744 527 1810 opibus
548 1744 691 1808 copiisque
711 1737 907 1802 renovarit**).
992 1765 1002 1788 s

109 1807 307 1874 Extorquenda
315 1815 379 1858 sunt
388 1809 467 1860 vohis
478 1823 513 1860 ex
521 1809 597 1860 illius
605 1809 715 1861 belluae
723 1807 849 1859 faucibus
858 1808 908 1856 im-

110 1877 212 1944 pioque
223 1875 365 1926 dominatu
374 1873 465 1938 ampla
473 1875 524 1924 illa
533 1881 562 1924 et
573 1877 664 1940 opima
673 1889 776 1941 regnu,
786 1875 814 1924 in
827 1886 908 1939 quae,

112 1939 910 2059 ⁸i⁰litltl⁶tl‚lttt⁰ittll⁰“llttzt'lltlt

111 2009 184 2130 {integ
192 2021 445 2141 supplicesliuanus,
456 2077 485 2123 et
492 2041 729 2138 palmae,⁶quarum
736 2071 910 2133 feracissima

111 2147 169 2203 est,
183 2141 283 2192 reatris
298 2139 424 2192 victoriis
439 2136 638 2204 triumphisque
653 2138 818 2203 despondet,
831 2139 909 2191 obte·

12 2238 15 2242 ·
111 2215 254 2273 statusque
274 2221 323 2258 vos
337 2221 387 2272 per
401 2221 477 2268 eum,
495 2221 576 2272 quens
590 2219 625 2256 ex
638 2204 800 2271 purissimae
813 2205 909 2255 matris

111 2281 193 2326 utero
209 2271 372 2325 mirabiliter
387 2279 533 2326 exeuntem
549 2272 670 2338 excepit,
690 2269 768 2320 cuius
782 2271 909 2337 vestigiis

111 2343 256 2408 impressa,
264 2341 342 2392 cuius
352 2339 520 2392 admirandis
529 2338 659 2405 operibus
666 2336 821 2399 nobilitata,
830 2338 908 2388 cuius

112 2421 211 2477 sparso
226 2421 277 2474 pro
292 2407 373 2460 nobis
387 2407 514 2460 omuibus
527 2405 662 2473 sanguine
674 2404 792 2470 irrigata
805 2408 860 2466 est,
873 2417 909 2454 ne

151 2519 237 2575 ¹)cie.
256 2531 299 2575 pro
317 2519 410 2569 Quintis
427 2521 449 2562 t.
467 2532 502 2576 ps.
531 2519 673 2564 contaedere
699 2511 821 2570 aliquoties
848 2513 909 2557 dixit

80 2659 85 2664 ·
113 2573 237 2685 Plpsimgie·
247 2642 289 2684 prs
299 2630 387 2672 Mures.
396 2633 430 2674 lt.
442 2631 462 2685 p.
472 2633 507 2673 tt.
521 2632 548 2672 ut
557 2643 593 2681 se.
602 2643 656 2685 repe
665 2627 821 2674 monianum
829 2623 907 2669 adlus-

114 2685 326 2740 etomnsnnpitcs
334 2686 584 2742 copiisqueresooun't.
866 2699 875 2714 ¹
