<?xml version="1.0" encoding="UTF-8"?>
<!DOCTYPE html PUBLIC "-//W3C//DTD XHTML 1.0 Transitional//EN"
    "http://www.w3.org/TR/xhtml1/DTD/xhtml1-transitional.dtd">
<html xmlns="http://www.w3.org/1999/xhtml" xml:lang="en" lang="en">
 <head>
  <title>
</title>
<meta http-equiv="Content-Type" content="text/html;charset=utf-8" />
  <meta name='ocr-system' content='tesseract 3.04.00' />
  <meta name='ocr-capabilities' content='ocr_page ocr_carea ocr_par ocr_line ocrx_word'/>
</head>
<body>
  <div class='ocr_page' id='page_1' title='image "./mantoniimuretie00muregoog_0214.png"; bbox 0 0 2146 3008; ppageno 0'>
   <div class='ocr_carea' id='block_1_1' title="bbox 340 207 886 264">
    <p class='ocr_par' dir='ltr' id='par_1_1' title="bbox 340 207 886 264">
     <span class='ocr_line' id='line_1_1' title="bbox 340 207 886 264; baseline 0.007 -4"><span class='ocrx_word' id='word_1_1' title='bbox 340 207 501 261; x_wconf 74' lang='lat' dir='ltr'>oltnrlo</span> <span class='ocrx_word' id='word_1_2' title='bbox 519 207 632 262; x_wconf 87' lang='lat' dir='ltr'>XVllI.</span> <span class='ocrx_word' id='word_1_3' title='bbox 841 211 886 264; x_wconf 77' lang='grc'>191</span> 
     </span>
    </p>
   </div>
   <div class='ocr_carea' id='block_1_2' title="bbox 62 305 927 1043">
    <p class='ocr_par' dir='ltr' id='par_1_2' title="bbox 62 305 927 1043">
     <span class='ocr_line' id='line_1_2' title="bbox 62 305 889 378; baseline 0.004 -17"><span class='ocrx_word' id='word_1_4' title='bbox 62 305 68 314; x_wconf 85' lang='grc'><em>’</em></span> <span class='ocrx_word' id='word_1_5' title='bbox 90 307 269 361; x_wconf 76' lang='lat' dir='ltr'>vehementes</span> <span class='ocrx_word' id='word_1_6' title='bbox 286 314 350 360; x_wconf 87' lang='lat' dir='ltr'>sunt</span> <span class='ocrx_word' id='word_1_7' title='bbox 365 309 450 361; x_wconf 87' lang='lat' dir='ltr'>animi</span> <span class='ocrx_word' id='word_1_8' title='bbox 464 311 677 372; x_wconf 86' lang='lat' dir='ltr'>commotiones,</span> <span class='ocrx_word' id='word_1_9' title='bbox 692 324 759 378; x_wconf 84' lang='lat' dir='ltr'>quas</span> <span class='ocrx_word' id='word_1_10' title='bbox 772 309 816 363; x_wconf 89' lang='lat' dir='ltr'>illi</span> <span class='ocrx_word' id='word_1_11' title='bbox 829 327 889 364; x_wconf 85' lang='lat' dir='ltr'>sae-</span> 
     </span>
     <span class='ocr_line' id='line_1_3' title="bbox 109 376 889 447; baseline 0.005 -20"><span class='ocrx_word' id='word_1_12' title='bbox 109 378 153 428; x_wconf 87' lang='lat' dir='ltr'>ius</span> <span class='ocrx_word' id='word_1_13' title='bbox 175 390 257 442; x_wconf 89' lang='lat' dir='ltr'>quam</span> <span class='ocrx_word' id='word_1_14' title='bbox 278 376 416 427; x_wconf 85' lang='lat' dir='ltr'>rationem</span> <span class='ocrx_word' id='word_1_15' title='bbox 439 384 599 445; x_wconf 85' lang='lat' dir='ltr'>sequuntur.</span> <span class='ocrx_word' id='word_1_16' title='bbox 635 377 793 442; x_wconf 86' lang='lat' dir='ltr'>Postrema,</span> <span class='ocrx_word' id='word_1_17' title='bbox 814 379 889 447; x_wconf 90' lang='lat' dir='ltr'>quod</span> 
     </span>
     <span class='ocr_line' id='line_1_4' title="bbox 90 391 888 511; baseline 0.005 -17"><span class='ocrx_word' id='word_1_18' title='bbox 90 391 140 494; x_wconf 57' lang='lat' dir='ltr'>fon</span> <span class='ocrx_word' id='word_1_19' title='bbox 169 457 193 493; x_wconf 81' lang='lat' dir='ltr'>rs</span> <span class='ocrx_word' id='word_1_20' title='bbox 203 455 294 492; x_wconf 88' lang='lat' dir='ltr'>rerum</span> <span class='ocrx_word' id='word_1_21' title='bbox 302 458 370 494; x_wconf 89' lang='lat' dir='ltr'>usus</span> <span class='ocrx_word' id='word_1_22' title='bbox 381 445 409 494; x_wconf 89' lang='lat' dir='ltr'>in</span> <span class='ocrx_word' id='word_1_23' title='bbox 417 444 510 497; x_wconf 89' lang='lat' dir='ltr'>iudice</span> <span class='ocrx_word' id='word_1_24' title='bbox 520 445 681 511; x_wconf 84' lang='lat' dir='ltr'>requiritur,</span> <span class='ocrx_word' id='word_1_25' title='bbox 692 445 738 510; x_wconf 92' lang='lat' dir='ltr'>qui</span> <span class='ocrx_word' id='word_1_26' title='bbox 750 445 849 497; x_wconf 87' lang='lat' dir='ltr'>cadere</span> <span class='ocrx_word' id='word_1_27' title='bbox 860 448 888 498; x_wconf 89' lang='lat' dir='ltr'>in</span> 
     </span>
     <span class='ocr_line' id='line_1_5' title="bbox 91 505 887 578; baseline 0.006 -18"><span class='ocrx_word' id='word_1_28' title='bbox 91 511 299 560; x_wconf 85' lang='lat' dir='ltr'>aduescentem</span> <span class='ocrx_word' id='word_1_29' title='bbox 318 523 373 561; x_wconf 92' lang='lat' dir='ltr'>non</span> <span class='ocrx_word' id='word_1_30' title='bbox 390 517 493 578; x_wconf 88' lang='lat' dir='ltr'>potest.</span> <span class='ocrx_word' id='word_1_31' title='bbox 529 505 567 563; x_wconf 79' lang='lat' dir='ltr'>oe</span> <span class='ocrx_word' id='word_1_32' title='bbox 584 513 649 572; x_wconf 71' lang='lat' dir='ltr'>stov,</span> <span class='ocrx_word' id='word_1_33' title='bbox 668 512 708 562; x_wconf 89' lang='lat' dir='ltr'>ait</span> <span class='ocrx_word' id='word_1_34' title='bbox 716 511 798 562; x_wconf 86' lang='lat' dir='ltr'>Plato</span> <span class='ocrx_word' id='word_1_35' title='bbox 815 513 887 565; x_wconf 87' lang='lat' dir='ltr'>libro</span> 
     </span>
     <span class='ocr_line' id='line_1_6' title="bbox 91 575 927 650; baseline 0.002 -24"><span class='ocrx_word' id='word_1_36' title='bbox 91 577 178 626; x_wconf 74' lang='lat' dir='ltr'>tertio</span> <span class='ocrx_word' id='word_1_37' title='bbox 194 575 228 626; x_wconf 77' lang='lat' dir='ltr'>(le</span> <span class='ocrx_word' id='word_1_38' title='bbox 241 587 271 626; x_wconf 79' lang='lat' dir='ltr'>re</span> <span class='ocrx_word' id='word_1_39' title='bbox 292 576 396 641; x_wconf 83' lang='lat' dir='ltr'>ublica,</span> <span class='ocrx_word' id='word_1_40' title='bbox 415 576 483 628; x_wconf 79' lang='grc' dir='ltr'><strong><em>ἀλλὰ</em></strong></span> <span class='ocrx_word' id='word_1_41' title='bbox 491 578 601 647; x_wconf 70' lang='grc' dir='ltr'><strong><em>γέροντα</em></strong></span> <span class='ocrx_word' id='word_1_42' title='bbox 611 581 652 630; x_wconf 79' lang='grc' dir='ltr'>δεῖ</span> <span class='ocrx_word' id='word_1_43' title='bbox 659 576 706 629; x_wconf 79' lang='grc' dir='ltr'>τὸν</span> <span class='ocrx_word' id='word_1_44' title='bbox 715 576 822 644; x_wconf 75' lang='grc' dir='ltr'><strong><em>ἀγαθὸν</em></strong></span> <span class='ocrx_word' id='word_1_45' title='bbox 832 598 887 650; x_wconf 74' lang='lat' dir='ltr'>upt-</span> <span class='ocrx_word' id='word_1_46' title='bbox 923 601 927 608; x_wconf 91' lang='lat'><em>·</em></span> 
     </span>
     <span class='ocr_line' id='line_1_7' title="bbox 92 632 887 714; baseline 0.01 -25"><span class='ocrx_word' id='word_1_47' title='bbox 92 640 142 708; x_wconf 66' lang='grc' dir='ltr'>τὴν</span> <span class='ocrx_word' id='word_1_48' title='bbox 152 632 225 694; x_wconf 72' lang='grc' dir='ltr'>εἶναι.</span> <span class='ocrx_word' id='word_1_49' title='bbox 287 657 356 710; x_wconf 90' lang='lat' dir='ltr'>eque</span> <span class='ocrx_word' id='word_1_50' title='bbox 366 659 432 696; x_wconf 82' lang='lat' dir='ltr'>vero</span> <span class='ocrx_word' id='word_1_51' title='bbox 443 647 561 714; x_wconf 81' lang='lat' dir='ltr'>quilibet</span> <span class='ocrx_word' id='word_1_52' title='bbox 571 659 656 697; x_wconf 80' lang='lat' dir='ltr'>senex</span> <span class='ocrx_word' id='word_1_53' title='bbox 667 646 887 698; x_wconf 88' lang='lat' dir='ltr'>adiudicandum</span> 
     </span>
     <span class='ocr_line' id='line_1_8' title="bbox 91 708 888 779; baseline 0.009 -21"><span class='ocrx_word' id='word_1_54' title='bbox 91 715 174 776; x_wconf 84' lang='lat' dir='ltr'>aptus</span> <span class='ocrx_word' id='word_1_55' title='bbox 188 715 243 762; x_wconf 74' lang='lat' dir='ltr'>est·</span> <span class='ocrx_word' id='word_1_56' title='bbox 273 708 298 762; x_wconf 92' lang='lat' dir='ltr'><strong>N</strong></span> <span class='ocrx_word' id='word_1_57' title='bbox 301 724 336 762; x_wconf 88' lang='lat' dir='ltr'>on</span> <span class='ocrx_word' id='word_1_58' title='bbox 356 712 428 762; x_wconf 83' lang='lat' dir='ltr'>enim</span> <span class='ocrx_word' id='word_1_59' title='bbox 441 719 472 763; x_wconf 89' lang='lat' dir='ltr'>ut</span> <span class='ocrx_word' id='word_1_60' title='bbox 484 713 630 779; x_wconf 85' lang='lat' dir='ltr'>prudentia</span> <span class='ocrx_word' id='word_1_61' title='bbox 640 715 799 765; x_wconf 83' lang='lat' dir='ltr'>necessario</span> <span class='ocrx_word' id='word_1_62' title='bbox 814 721 888 765; x_wconf 87' lang='lat' dir='ltr'>aeta·</span> 
     </span>
     <span class='ocr_line' id='line_1_9' title="bbox 91 776 887 845; baseline 0.008 -19"><span class='ocrx_word' id='word_1_63' title='bbox 91 780 149 827; x_wconf 87' lang='lat' dir='ltr'>tem</span> <span class='ocrx_word' id='word_1_64' title='bbox 156 788 188 826; x_wconf 90' lang='lat' dir='ltr'>re</span> <span class='ocrx_word' id='word_1_65' title='bbox 210 776 287 840; x_wconf 88' lang='lat' dir='ltr'>uirit,</span> <span class='ocrx_word' id='word_1_66' title='bbox 300 777 342 827; x_wconf 80' lang='lat' dir='ltr'>ite</span> <span class='ocrx_word' id='word_1_67' title='bbox 355 783 432 828; x_wconf 86' lang='lat' dir='ltr'>aetas</span> <span class='ocrx_word' id='word_1_68' title='bbox 446 781 604 830; x_wconf 84' lang='lat' dir='ltr'>necessario</span> <span class='ocrx_word' id='word_1_69' title='bbox 614 779 786 845; x_wconf 80' lang='lat' dir='ltr'><strong>prudentiam</strong></span> <span class='ocrx_word' id='word_1_70' title='bbox 796 780 887 832; x_wconf 81' lang='lat' dir='ltr'>affert.</span> 
     </span>
     <span class='ocr_line' id='line_1_10' title="bbox 93 791 888 916; baseline 0.009 -22"><span class='ocrx_word' id='word_1_71' title='bbox 93 841 151 894; x_wconf 84' lang='lat' dir='ltr'>Sed</span> <span class='ocrx_word' id='word_1_72' title='bbox 161 791 316 905; x_wconf 50' lang='lat' dir='ltr'>is‘lenrum,</span> <span class='ocrx_word' id='word_1_73' title='bbox 330 844 374 894; x_wconf 88' lang='lat' dir='ltr'>cui</span> <span class='ocrx_word' id='word_1_74' title='bbox 385 849 529 896; x_wconf 77' lang='lat' dir='ltr'>anteactae</span> <span class='ocrx_word' id='word_1_75' title='bbox 538 847 612 895; x_wconf 88' lang='lat' dir='ltr'>vitae</span> <span class='ocrx_word' id='word_1_76' title='bbox 627 860 723 898; x_wconf 85' lang='lat' dir='ltr'>cursus</span> <span class='ocrx_word' id='word_1_77' title='bbox 738 853 766 900; x_wconf 87' lang='lat' dir='ltr'>et</span> <span class='ocrx_word' id='word_1_78' title='bbox 775 847 888 916; x_wconf 83' lang='lat' dir='ltr'>integri·</span> 
     </span>
     <span class='ocr_line' id='line_1_11' title="bbox 75 909 720 976; baseline 0 -15"><span class='ocrx_word' id='word_1_79' title='bbox 75 921 78 925; x_wconf 84' lang='lat'>&#39;</span> <span class='ocrx_word' id='word_1_80' title='bbox 90 909 159 961; x_wconf 80' lang='lat' dir='ltr'>tatis</span> <span class='ocrx_word' id='word_1_81' title='bbox 168 916 196 958; x_wconf 89' lang='lat' dir='ltr'>et</span> <span class='ocrx_word' id='word_1_82' title='bbox 204 909 365 976; x_wconf 79' lang='lat' dir='ltr'>prudentiae</span> <span class='ocrx_word' id='word_1_83' title='bbox 376 910 533 974; x_wconf 75' lang='lat' dir='ltr'>opinionem</span> <span class='ocrx_word' id='word_1_84' title='bbox 544 914 720 976; x_wconf 80' lang='lat' dir='ltr'>compararit.</span> 
     </span>
     <span class='ocr_line' id='line_1_12' title="bbox 129 974 891 1043; baseline 0.01 -19"><span class='ocrx_word' id='word_1_85' title='bbox 129 974 891 1043; x_wconf 82' lang='lat' dir='ltr'>Observabaturetilludantiquitus,ncegenietexhau-</span> 
     </span>
    </p>
   </div>
   <div class='ocr_carea' id='block_1_3' title="bbox 91 1039 1003 1100">
    <p class='ocr_par' dir='ltr' id='par_1_3' title="bbox 91 1039 1003 1100">
     <span class='ocr_line' id='line_1_13' title="bbox 91 1039 1003 1100; baseline 0.007 -6"><span class='ocrx_word' id='word_1_86' title='bbox 91 1039 263 1094; x_wconf 84' lang='lat' dir='ltr'>stihomines</span> <span class='ocrx_word' id='word_1_87' title='bbox 271 1040 354 1092; x_wconf 82' lang='lat' dir='ltr'>facile</span> <span class='ocrx_word' id='word_1_88' title='bbox 362 1041 581 1093; x_wconf 76' lang='lat' dir='ltr'>adiudicandum</span> <span class='ocrx_word' id='word_1_89' title='bbox 589 1043 807 1098; x_wconf 75' lang='lat' dir='ltr'>admitterentur.</span> <span class='ocrx_word' id='word_1_90' title='bbox 823 1047 890 1100; x_wconf 88' lang='lat' dir='ltr'>Cum</span> <span class='ocrx_word' id='word_1_91' title='bbox 986 1067 1003 1089; x_wconf 65' lang='grc' dir='ltr'><em>ν</em></span> 
     </span>
    </p>
   </div>
   <div class='ocr_carea' id='block_1_4' title="bbox 7 1105 914 1844">
    <p class='ocr_par' dir='ltr' id='par_1_4' title="bbox 89 1105 914 1373">
     <span class='ocr_line' id='line_1_14' title="bbox 91 1105 891 1176; baseline 0.008 -16"><span class='ocrx_word' id='word_1_92' title='bbox 91 1109 167 1160; x_wconf 89' lang='lat' dir='ltr'>euim</span> <span class='ocrx_word' id='word_1_93' title='bbox 175 1107 300 1174; x_wconf 87' lang='lat' dir='ltr'>plerique</span> <span class='ocrx_word' id='word_1_94' title='bbox 310 1105 502 1176; x_wconf 80' lang='lat' dir='ltr'>aTheognidis</span> <span class='ocrx_word' id='word_1_95' title='bbox 511 1109 714 1162; x_wconf 84' lang='lat' dir='ltr'>sententianen</span> <span class='ocrx_word' id='word_1_96' title='bbox 723 1110 891 1166; x_wconf 74' lang='lat' dir='ltr'>abhorreant</span> 
     </span>
     <span class='ocr_line' id='line_1_15' title="bbox 92 1173 889 1242; baseline 0.008 -18"><span class='ocrx_word' id='word_1_97' title='bbox 92 1179 326 1240; x_wconf 85' lang='lat' dir='ltr'>etpaupertatem</span> <span class='ocrx_word' id='word_1_98' title='bbox 340 1175 414 1222; x_wconf 91' lang='lat' dir='ltr'>omni</span> <span class='ocrx_word' id='word_1_99' title='bbox 425 1176 534 1226; x_wconf 87' lang='lat' dir='ltr'>ratione</span> <span class='ocrx_word' id='word_1_100' title='bbox 547 1173 707 1240; x_wconf 80' lang='lat' dir='ltr'>fugiendam</span> <span class='ocrx_word' id='word_1_101' title='bbox 718 1184 828 1242; x_wconf 89' lang='lat' dir='ltr'>putent,</span> <span class='ocrx_word' id='word_1_102' title='bbox 844 1193 889 1230; x_wconf 81' lang='lat' dir='ltr'>ve·</span> 
     </span>
     <span class='ocr_line' id='line_1_16' title="bbox 90 1239 914 1312; baseline 0.005 -18"><span class='ocrx_word' id='word_1_103' title='bbox 90 1239 209 1294; x_wconf 88' lang='lat' dir='ltr'>rendum</span> <span class='ocrx_word' id='word_1_104' title='bbox 220 1239 372 1300; x_wconf 85' lang='lat' dir='ltr'>videbatur,</span> <span class='ocrx_word' id='word_1_105' title='bbox 383 1253 416 1291; x_wconf 90' lang='lat' dir='ltr'>ne</span> <span class='ocrx_word' id='word_1_106' title='bbox 427 1255 511 1306; x_wconf 84' lang='lat' dir='ltr'>saepe</span> <span class='ocrx_word' id='word_1_107' title='bbox 522 1241 593 1290; x_wconf 88' lang='lat' dir='ltr'>tales</span> <span class='ocrx_word' id='word_1_108' title='bbox 601 1241 707 1293; x_wconf 86' lang='lat' dir='ltr'>iudices</span> <span class='ocrx_word' id='word_1_109' title='bbox 717 1256 771 1294; x_wconf 87' lang='lat' dir='ltr'>non</span> <span class='ocrx_word' id='word_1_110' title='bbox 781 1251 837 1296; x_wconf 86' lang='lat' dir='ltr'>tam</span> <span class='ocrx_word' id='word_1_111' title='bbox 846 1259 889 1298; x_wconf 86' lang='lat' dir='ltr'>ra·</span> <span class='ocrx_word' id='word_1_112' title='bbox 904 1301 914 1312; x_wconf 59' lang='grc'>,</span> 
     </span>
     <span class='ocr_line' id='line_1_17' title="bbox 89 1307 889 1373; baseline 0.004 -14"><span class='ocrx_word' id='word_1_113' title='bbox 89 1307 199 1360; x_wconf 82' lang='lat' dir='ltr'>tionem</span> <span class='ocrx_word' id='word_1_114' title='bbox 215 1307 336 1356; x_wconf 88' lang='lat' dir='ltr'>muneris</span> <span class='ocrx_word' id='word_1_115' title='bbox 350 1307 405 1368; x_wconf 89' lang='lat' dir='ltr'>sui,</span> <span class='ocrx_word' id='word_1_116' title='bbox 426 1321 505 1373; x_wconf 85' lang='lat' dir='ltr'>quam</span> <span class='ocrx_word' id='word_1_117' title='bbox 518 1307 733 1372; x_wconf 82' lang='lat' dir='ltr'>magnitudinem</span> <span class='ocrx_word' id='word_1_118' title='bbox 747 1324 889 1362; x_wconf 82' lang='lat' dir='ltr'>munerum</span> 
     </span>
    </p>

    <p class='ocr_par' dir='ltr' id='par_1_5' title="bbox 7 1372 889 1844">
     <span class='ocr_line' id='line_1_18' title="bbox 90 1372 889 1438; baseline 0.001 -12"><span class='ocrx_word' id='word_1_119' title='bbox 90 1374 249 1426; x_wconf 87' lang='lat' dir='ltr'>alienorum</span> <span class='ocrx_word' id='word_1_120' title='bbox 262 1372 481 1438; x_wconf 84' lang='lat' dir='ltr'>considerarent;</span> <span class='ocrx_word' id='word_1_121' title='bbox 495 1388 564 1426; x_wconf 88' lang='lat' dir='ltr'>neve</span> <span class='ocrx_word' id='word_1_122' title='bbox 578 1373 708 1424; x_wconf 85' lang='lat' dir='ltr'>libentius</span> <span class='ocrx_word' id='word_1_123' title='bbox 724 1375 753 1426; x_wconf 90' lang='lat' dir='ltr'>in</span> <span class='ocrx_word' id='word_1_124' title='bbox 767 1391 889 1428; x_wconf 89' lang='lat' dir='ltr'>nummo·</span> 
     </span>
     <span class='ocr_line' id='line_1_19' title="bbox 89 1438 888 1508; baseline 0 -16"><span class='ocrx_word' id='word_1_125' title='bbox 89 1455 155 1495; x_wconf 86' lang='lat' dir='ltr'>rum</span> <span class='ocrx_word' id='word_1_126' title='bbox 166 1453 247 1507; x_wconf 88' lang='lat' dir='ltr'>quam</span> <span class='ocrx_word' id='word_1_127' title='bbox 259 1438 288 1489; x_wconf 90' lang='lat' dir='ltr'>iu</span> <span class='ocrx_word' id='word_1_128' title='bbox 301 1448 524 1506; x_wconf 86' lang='lat' dir='ltr'>argumentorum</span> <span class='ocrx_word' id='word_1_129' title='bbox 538 1455 607 1508; x_wconf 86' lang='lat' dir='ltr'>quae</span> <span class='ocrx_word' id='word_1_130' title='bbox 622 1442 758 1508; x_wconf 82' lang='lat' dir='ltr'>utrimque</span> <span class='ocrx_word' id='word_1_131' title='bbox 772 1441 888 1494; x_wconf 85' lang='lat' dir='ltr'>ail&#39;eren·</span> 
     </span>
     <span class='ocr_line' id='line_1_20' title="bbox 7 1505 888 1574; baseline 0.002 -15"><span class='ocrx_word' id='word_1_132' title='bbox 7 1557 8 1566; x_wconf 68' lang='grc'>,</span> <span class='ocrx_word' id='word_1_133' title='bbox 88 1515 138 1565; x_wconf 89' lang='lat' dir='ltr'>tur</span> <span class='ocrx_word' id='word_1_134' title='bbox 148 1505 315 1574; x_wconf 78' lang='lat' dir='ltr'>ponderibus</span> <span class='ocrx_word' id='word_1_135' title='bbox 331 1508 517 1574; x_wconf 78' lang='lat' dir='ltr'>expendendis</span> <span class='ocrx_word' id='word_1_136' title='bbox 532 1515 744 1574; x_wconf 75' lang='lat' dir='ltr'>occuparentur,</span> <span class='ocrx_word' id='word_1_137' title='bbox 759 1516 788 1560; x_wconf 85' lang='lat' dir='ltr'>ct</span> <span class='ocrx_word' id='word_1_138' title='bbox 801 1509 888 1562; x_wconf 84' lang='lat' dir='ltr'>utrius</span> 
     </span>
     <span class='ocr_line' id='line_1_21' title="bbox 90 1575 889 1644; baseline 0.005 -20"><span class='ocrx_word' id='word_1_139' title='bbox 90 1575 206 1644; x_wconf 85' lang='lat' dir='ltr'>gravior</span> <span class='ocrx_word' id='word_1_140' title='bbox 215 1579 290 1626; x_wconf 88' lang='lat' dir='ltr'>essct</span> <span class='ocrx_word' id='word_1_141' title='bbox 299 1589 408 1640; x_wconf 87' lang='lat' dir='ltr'>manus,</span> <span class='ocrx_word' id='word_1_142' title='bbox 421 1577 480 1628; x_wconf 86' lang='lat' dir='ltr'>eius</span> <span class='ocrx_word' id='word_1_143' title='bbox 488 1589 616 1630; x_wconf 82' lang='lat' dir='ltr'>caussam</span> <span class='ocrx_word' id='word_1_144' title='bbox 626 1589 735 1642; x_wconf 87' lang='lat' dir='ltr'>quoque</span> <span class='ocrx_word' id='word_1_145' title='bbox 745 1576 889 1628; x_wconf 85' lang='lat' dir='ltr'>meliorem</span> 
     </span>
     <span class='ocr_line' id='line_1_22' title="bbox 89 1641 888 1712; baseline 0.001 -19"><span class='ocrx_word' id='word_1_146' title='bbox 89 1641 183 1694; x_wconf 78' lang='lat' dir='ltr'>videri</span> <span class='ocrx_word' id='word_1_147' title='bbox 196 1642 418 1708; x_wconf 88' lang='lat' dir='ltr'>pronunciarent.</span> <span class='ocrx_word' id='word_1_148' title='bbox 452 1645 540 1712; x_wconf 73' lang='lat' dir='ltr'>Atque</span> <span class='ocrx_word' id='word_1_149' title='bbox 555 1643 664 1696; x_wconf 91' lang='lat' dir='ltr'>obeam</span> <span class='ocrx_word' id='word_1_150' title='bbox 679 1658 805 1696; x_wconf 88' lang='lat' dir='ltr'>caussam</span> <span class='ocrx_word' id='word_1_151' title='bbox 818 1643 888 1697; x_wconf 64' lang='lat' dir='ltr'>iudit</span> 
     </span>
     <span class='ocr_line' id='line_1_23' title="bbox 90 1711 889 1772; baseline 0.001 -12"><span class='ocrx_word' id='word_1_152' title='bbox 90 1723 140 1761; x_wconf 85' lang='lat' dir='ltr'>ces</span> <span class='ocrx_word' id='word_1_153' title='bbox 150 1723 206 1759; x_wconf 89' lang='lat' dir='ltr'>non</span> <span class='ocrx_word' id='word_1_154' title='bbox 216 1714 320 1759; x_wconf 86' lang='lat' dir='ltr'>tantum</span> <span class='ocrx_word' id='word_1_155' title='bbox 330 1724 364 1762; x_wconf 86' lang='lat' dir='ltr'>ex</span> <span class='ocrx_word' id='word_1_156' title='bbox 373 1711 496 1764; x_wconf 85' lang='lat' dir='ltr'>moribus</span> <span class='ocrx_word' id='word_1_157' title='bbox 506 1718 535 1765; x_wconf 89' lang='lat' dir='ltr'>et</span> <span class='ocrx_word' id='word_1_158' title='bbox 545 1727 580 1762; x_wconf 84' lang='lat' dir='ltr'>ex</span> <span class='ocrx_word' id='word_1_159' title='bbox 589 1716 689 1772; x_wconf 86' lang='lat' dir='ltr'>aetate,</span> <span class='ocrx_word' id='word_1_160' title='bbox 700 1711 842 1764; x_wconf 86' lang='lat' dir='ltr'>sedetiam</span> <span class='ocrx_word' id='word_1_161' title='bbox 853 1725 889 1770; x_wconf 87' lang='lat' dir='ltr'>ex</span> 
     </span>
     <span class='ocr_line' id='line_1_24' title="bbox 91 1775 886 1844; baseline 0.003 -16"><span class='ocrx_word' id='word_1_162' title='bbox 91 1789 179 1828; x_wconf 87' lang='lat' dir='ltr'>censu</span> <span class='ocrx_word' id='word_1_163' title='bbox 187 1775 360 1842; x_wconf 84' lang='lat' dir='ltr'>legebantur,</span> <span class='ocrx_word' id='word_1_164' title='bbox 371 1779 445 1844; x_wconf 89' lang='lat' dir='ltr'>quod</span> <span class='ocrx_word' id='word_1_165' title='bbox 455 1780 585 1832; x_wconf 85' lang='lat' dir='ltr'>Romanis</span> <span class='ocrx_word' id='word_1_166' title='bbox 596 1778 698 1830; x_wconf 84' lang='lat' dir='ltr'>alicubi</span> <span class='ocrx_word' id='word_1_167' title='bbox 708 1779 806 1830; x_wconf 86' lang='lat' dir='ltr'>obiicit</span> <span class='ocrx_word' id='word_1_168' title='bbox 819 1781 886 1830; x_wconf 82' lang='lat' dir='ltr'>Ter-</span> 
     </span>
    </p>
   </div>
   <div class='ocr_carea' id='block_1_5' title="bbox 90 1841 991 1913">
    <p class='ocr_par' dir='ltr' id='par_1_6' title="bbox 90 1841 991 1913">
     <span class='ocr_line' id='line_1_25' title="bbox 90 1841 991 1913; baseline 0.006 -19"><span class='ocrx_word' id='word_1_169' title='bbox 90 1841 234 1894; x_wconf 86' lang='lat' dir='ltr'>tullianus.</span> <span class='ocrx_word' id='word_1_170' title='bbox 269 1843 391 1909; x_wconf 83' lang='lat' dir='ltr'>Cumque</span> <span class='ocrx_word' id='word_1_171' title='bbox 404 1845 581 1897; x_wconf 85' lang='lat' dir='ltr'>iurisiurandi</span> <span class='ocrx_word' id='word_1_172' title='bbox 591 1846 888 1913; x_wconf 80' lang='lat' dir='ltr'>religionnximumet</span> <span class='ocrx_word' id='word_1_173' title='bbox 984 1853 991 1862; x_wconf 89' lang='grc'>’</span> 
     </span>
    </p>
   </div>
   <div class='ocr_carea' id='block_1_6' title="bbox 7 1908 888 2380">
    <p class='ocr_par' dir='ltr' id='par_1_7' title="bbox 7 1908 888 2316">
     <span class='ocr_line' id='line_1_26' title="bbox 91 1908 887 1978; baseline 0.003 -16"><span class='ocrx_word' id='word_1_174' title='bbox 91 1908 297 1962; x_wconf 84' lang='lat' dir='ltr'>sanctissimum</span> <span class='ocrx_word' id='word_1_175' title='bbox 307 1909 372 1962; x_wconf 84' lang='lat' dir='ltr'>fidei</span> <span class='ocrx_word' id='word_1_176' title='bbox 386 1911 524 1964; x_wconf 84' lang='lat' dir='ltr'>vinculum</span> <span class='ocrx_word' id='word_1_177' title='bbox 537 1911 636 1962; x_wconf 88' lang='lat' dir='ltr'>merito</span> <span class='ocrx_word' id='word_1_178' title='bbox 651 1912 723 1978; x_wconf 86' lang='lat' dir='ltr'>apud</span> <span class='ocrx_word' id='word_1_179' title='bbox 735 1928 830 1966; x_wconf 77' lang='lat' dir='ltr'>onrnes</span> <span class='ocrx_word' id='word_1_180' title='bbox 841 1926 887 1964; x_wconf 85' lang='lat' dir='ltr'>ex·</span> 
     </span>
     <span class='ocr_line' id='line_1_27' title="bbox 90 1974 887 2046; baseline 0 -16"><span class='ocrx_word' id='word_1_181' title='bbox 90 1974 243 2040; x_wconf 67' lang='lat' dir='ltr'>monetur,</span> <span class='ocrx_word' id='word_1_182' title='bbox 267 1976 416 2030; x_wconf 82' lang='lat' dir='ltr'>iudicaturi</span> <span class='ocrx_word' id='word_1_183' title='bbox 436 1977 512 2044; x_wconf 82' lang='lat' dir='ltr'>prius</span> <span class='ocrx_word' id='word_1_184' title='bbox 530 1977 671 2039; x_wconf 83' lang='lat' dir='ltr'>iurabant,</span> <span class='ocrx_word' id='word_1_185' title='bbox 690 1992 722 2033; x_wconf 85' lang='lat' dir='ltr'>se</span> <span class='ocrx_word' id='word_1_186' title='bbox 740 1993 775 2032; x_wconf 81' lang='lat' dir='ltr'>ex</span> <span class='ocrx_word' id='word_1_187' title='bbox 793 1981 887 2046; x_wconf 86' lang='lat' dir='ltr'>legum</span> 
     </span>
     <span class='ocr_line' id='line_1_28' title="bbox 90 2042 888 2113; baseline 0.005 -19"><span class='ocrx_word' id='word_1_188' title='bbox 90 2042 264 2112; x_wconf 81' lang='lat' dir='ltr'>praescripto</span> <span class='ocrx_word' id='word_1_189' title='bbox 275 2043 456 2096; x_wconf 78' lang='lat' dir='ltr'>iudicaturum</span> <span class='ocrx_word' id='word_1_190' title='bbox 471 2043 550 2096; x_wconf 82' lang='lat' dir='ltr'>cuius</span> <span class='ocrx_word' id='word_1_191' title='bbox 559 2043 601 2094; x_wconf 87' lang='lat' dir='ltr'>rei</span> <span class='ocrx_word' id='word_1_192' title='bbox 612 2042 742 2108; x_wconf 83' lang='lat' dir='ltr'>frequens</span> <span class='ocrx_word' id='word_1_193' title='bbox 752 2048 823 2113; x_wconf 92' lang='lat' dir='ltr'>apud</span> <span class='ocrx_word' id='word_1_194' title='bbox 832 2045 888 2098; x_wconf 87' lang='lat' dir='ltr'>De·</span> 
     </span>
     <span class='ocr_line' id='line_1_29' title="bbox 7 2106 888 2178; baseline 0.002 -16"><span class='ocrx_word' id='word_1_195' title='bbox 7 2123 14 2144; x_wconf 56' lang='lat' dir='ltr'>t</span> <span class='ocrx_word' id='word_1_196' title='bbox 89 2106 264 2162; x_wconf 82' lang='lat' dir='ltr'>mosthenem</span> <span class='ocrx_word' id='word_1_197' title='bbox 275 2117 304 2162; x_wconf 89' lang='lat' dir='ltr'>et</span> <span class='ocrx_word' id='word_1_198' title='bbox 312 2111 384 2162; x_wconf 88' lang='lat' dir='ltr'>alios</span> <span class='ocrx_word' id='word_1_199' title='bbox 393 2111 496 2162; x_wconf 90' lang='lat' dir='ltr'>mentio</span> <span class='ocrx_word' id='word_1_200' title='bbox 507 2116 558 2160; x_wconf 82' lang='lat' dir='ltr'>est.</span> <span class='ocrx_word' id='word_1_201' title='bbox 592 2107 634 2160; x_wconf 90' lang='lat' dir='ltr'>Ne</span> <span class='ocrx_word' id='word_1_202' title='bbox 646 2123 713 2160; x_wconf 77' lang='lat' dir='ltr'>vero</span> <span class='ocrx_word' id='word_1_203' title='bbox 723 2111 815 2178; x_wconf 83' lang='lat' dir='ltr'>legum</span> <span class='ocrx_word' id='word_1_204' title='bbox 828 2126 888 2164; x_wconf 85' lang='lat' dir='ltr'>ver·</span> 
     </span>
     <span class='ocr_line' id='line_1_30' title="bbox 89 2171 887 2244; baseline 0.003 -16"><span class='ocrx_word' id='word_1_205' title='bbox 89 2177 135 2228; x_wconf 89' lang='lat' dir='ltr'>bis</span> <span class='ocrx_word' id='word_1_206' title='bbox 149 2175 250 2228; x_wconf 89' lang='lat' dir='ltr'>callide</span> <span class='ocrx_word' id='word_1_207' title='bbox 267 2184 295 2228; x_wconf 90' lang='lat' dir='ltr'>et</span> <span class='ocrx_word' id='word_1_208' title='bbox 308 2177 425 2229; x_wconf 90' lang='lat' dir='ltr'>subdole</span> <span class='ocrx_word' id='word_1_209' title='bbox 440 2175 653 2244; x_wconf 80' lang='lat' dir='ltr'>interpretandis</span> <span class='ocrx_word' id='word_1_210' title='bbox 668 2171 702 2226; x_wconf 84' lang='lat' dir='ltr'>ab</span> <span class='ocrx_word' id='word_1_211' title='bbox 719 2191 813 2230; x_wconf 85' lang='lat' dir='ltr'>earum</span> <span class='ocrx_word' id='word_1_212' title='bbox 826 2193 887 2230; x_wconf 88' lang='lat' dir='ltr'>sen·</span> 
     </span>
     <span class='ocr_line' id='line_1_31' title="bbox 90 2241 850 2316; baseline 0.001 -21"><span class='ocrx_word' id='word_1_213' title='bbox 90 2243 180 2296; x_wconf 87' lang='lat' dir='ltr'>tentia</span> <span class='ocrx_word' id='word_1_214' title='bbox 195 2249 223 2294; x_wconf 91' lang='lat' dir='ltr'>et</span> <span class='ocrx_word' id='word_1_215' title='bbox 235 2244 377 2297; x_wconf 76' lang='lat' dir='ltr'>voluntate</span> <span class='ocrx_word' id='word_1_216' title='bbox 388 2244 575 2306; x_wconf 85' lang='lat' dir='ltr'>discederent,</span> <span class='ocrx_word' id='word_1_217' title='bbox 591 2241 741 2306; x_wconf 84' lang='lat' dir='ltr'>addebant,</span> <span class='ocrx_word' id='word_1_218' title='bbox 754 2247 787 2316; x_wconf 73' lang='grc' dir='ltr'>τῇ</span> <span class='ocrx_word' id='word_1_219' title='bbox 800 2243 850 2310; x_wconf 72' lang='lat' dir='ltr'>reni</span> 
     </span>
    </p>

    <p class='ocr_par' dir='ltr' id='par_1_8' title="bbox 90 2307 866 2380">
     <span class='ocr_line' id='line_1_32' title="bbox 90 2307 866 2380; baseline 0.003 -20"><span class='ocrx_word' id='word_1_220' title='bbox 90 2313 123 2374; x_wconf 72' lang='grc' dir='ltr'>τῆ</span> <span class='ocrx_word' id='word_1_221' title='bbox 142 2307 309 2380; x_wconf 73' lang='grc' dir='ltr'><strong><em>δικαιοτάτῃ,</em></strong></span> <span class='ocrx_word' id='word_1_222' title='bbox 327 2316 358 2362; x_wconf 91' lang='lat' dir='ltr'>ut</span> <span class='ocrx_word' id='word_1_223' title='bbox 371 2311 443 2378; x_wconf 92' lang='lat' dir='ltr'>apud</span> <span class='ocrx_word' id='word_1_224' title='bbox 454 2309 713 2373; x_wconf 61' lang='lat' dir='ltr'>Demosthenenril,</span> <span class='ocrx_word' id='word_1_225' title='bbox 733 2318 792 2374; x_wconf 87' lang='lat' dir='ltr'>aut,</span> <span class='ocrx_word' id='word_1_226' title='bbox 812 2327 866 2380; x_wconf 90' lang='lat' dir='ltr'>quo</span> 
     </span>
    </p>
   </div>
   <div class='ocr_carea' id='block_1_7' title="bbox 91 2362 886 2495">
    <p class='ocr_par' dir='ltr' id='par_1_9' title="bbox 91 2362 886 2495">
     <span class='ocr_line' id='line_1_33' title="bbox 91 2362 886 2495; baseline 0.003 -67"><span class='ocrx_word' id='word_1_227' title='bbox 91 2362 166 2428; x_wconf 87' lang='lat' dir='ltr'>idem</span> <span class='ocrx_word' id='word_1_228' title='bbox 177 2375 262 2440; x_wconf 84' lang='lat' dir='ltr'>valet,</span> <span class='ocrx_word' id='word_1_229' title='bbox 277 2380 308 2448; x_wconf 73' lang='grc' dir='ltr'>τῇ</span> <span class='ocrx_word' id='word_1_230' title='bbox 317 2374 423 2495; x_wconf 58' lang='lat' dir='ltr'>eistete,</span> <span class='ocrx_word' id='word_1_231' title='bbox 437 2385 469 2430; x_wconf 88' lang='lat' dir='ltr'>ut</span> <span class='ocrx_word' id='word_1_232' title='bbox 478 2377 550 2443; x_wconf 88' lang='lat' dir='ltr'>apud</span> <span class='ocrx_word' id='word_1_233' title='bbox 558 2377 735 2430; x_wconf 80' lang='lat' dir='ltr'>Aristotelem</span> <span class='ocrx_word' id='word_1_234' title='bbox 746 2379 773 2428; x_wconf 90' lang='lat' dir='ltr'>in</span> <span class='ocrx_word' id='word_1_235' title='bbox 784 2375 886 2430; x_wconf 82' lang='lat' dir='ltr'>Rheto-</span> 
     </span>
    </p>
   </div>
   <div class='ocr_carea' id='block_1_8' title="bbox 88 2431 937 2582">
    <p class='ocr_par' dir='ltr' id='par_1_10' title="bbox 88 2431 937 2582">
     <span class='ocr_line' id='line_1_34' title="bbox 89 2431 937 2511; baseline 0.002 -15"><span class='ocrx_word' id='word_1_236' title='bbox 89 2444 216 2506; x_wconf 65' lang='lat' dir='ltr'>ricisii‘),</span> <span class='ocrx_word' id='word_1_237' title='bbox 235 2449 264 2495; x_wconf 89' lang='lat' dir='ltr'>et</span> <span class='ocrx_word' id='word_1_238' title='bbox 282 2458 335 2511; x_wconf 82' lang='lat' dir='ltr'>apu</span> <span class='ocrx_word' id='word_1_239' title='bbox 367 2431 465 2496; x_wconf 81' lang='lat' dir='ltr'>lulium</span> <span class='ocrx_word' id='word_1_240' title='bbox 480 2445 623 2499; x_wconf 85' lang='lat' dir='ltr'>Pollucem</span> <span class='ocrx_word' id='word_1_241' title='bbox 636 2445 709 2496; x_wconf 89' lang='lat' dir='ltr'>libro</span> <span class='ocrx_word' id='word_1_242' title='bbox 729 2449 885 2511; x_wconf 72' lang='lat' dir='ltr'>octavo***)</span> <span class='ocrx_word' id='word_1_243' title='bbox 932 2492 937 2504; x_wconf 84' lang='lat'>,</span> 
     </span>
     <span class='ocr_line' id='line_1_35' title="bbox 88 2511 885 2582; baseline 0 -16"><span class='ocrx_word' id='word_1_244' title='bbox 88 2512 271 2566; x_wconf 78' lang='lat' dir='ltr'>relatumest:</span> <span class='ocrx_word' id='word_1_245' title='bbox 290 2525 349 2580; x_wconf 78' lang='lat' dir='ltr'>quo</span> <span class='ocrx_word' id='word_1_246' title='bbox 354 2511 563 2580; x_wconf 77' lang='lat' dir='ltr'>significabant,</span> <span class='ocrx_word' id='word_1_247' title='bbox 575 2527 605 2568; x_wconf 86' lang='lat' dir='ltr'>se</span> <span class='ocrx_word' id='word_1_248' title='bbox 614 2515 656 2566; x_wconf 89' lang='lat' dir='ltr'>ita</span> <span class='ocrx_word' id='word_1_249' title='bbox 664 2515 742 2582; x_wconf 82' lang='lat' dir='ltr'>leges</span> <span class='ocrx_word' id='word_1_250' title='bbox 751 2514 885 2580; x_wconf 80' lang='lat' dir='ltr'>interpre-</span> 
     </span>
    </p>
   </div>
   <div class='ocr_carea' id='block_1_9' title="bbox 76 2601 885 2722">
    <p class='ocr_par' dir='ltr' id='par_1_11' title="bbox 76 2601 885 2722">
     <span class='ocr_line' id='line_1_36' title="bbox 76 2601 885 2722; baseline 0.064 -116"><span class='ocrx_word' id='word_1_251' title='bbox 76 2601 79 2606; x_wconf 89' lang='lat'>.</span> <span class='ocrx_word' id='word_1_252' title='bbox 124 2610 161 2722; x_wconf 44' lang='lat'>&#39;23</span> <span class='ocrx_word' id='word_1_253' title='bbox 174 2609 428 2710; x_wconf 47' lang='grc' dir='ltr'>ῗιῗὶἵοοηιῇὣΰιμε.</span> <span class='ocrx_word' id='word_1_254' title='bbox 437 2611 547 2658; x_wconf 64' lang='lat' dir='ltr'>lislam</span> <span class='ocrx_word' id='word_1_255' title='bbox 557 2613 885 2674; x_wconf 67' lang='lat' dir='ltr'>Boeutp.ro.psg.itsl.1ooa</span> 
     </span>
    </p>
   </div>
   <div class='ocr_carea' id='block_1_10' title="bbox 117 2721 378 2778">
    <p class='ocr_par' dir='ltr' id='par_1_12' title="bbox 117 2721 378 2778">
     <span class='ocr_line' id='line_1_37' title="bbox 117 2721 378 2778; baseline -0.004 -10"><span class='ocrx_word' id='word_1_256' title='bbox 117 2721 162 2778; x_wconf 54' lang='grc' dir='ltr'>Μ)</span> <span class='ocrx_word' id='word_1_257' title='bbox 178 2735 198 2768; x_wconf 82' lang='lat' dir='ltr'>e.</span> <span class='ocrx_word' id='word_1_258' title='bbox 206 2725 239 2766; x_wconf 84' lang='lat' dir='ltr'>lt).</span> <span class='ocrx_word' id='word_1_259' title='bbox 250 2734 319 2778; x_wconf 72' lang='lat' dir='ltr'>serm.</span> <span class='ocrx_word' id='word_1_260' title='bbox 330 2725 378 2768; x_wconf 79' lang='lat'>122.</span> 
     </span>
    </p>
   </div>
   <div class='ocr_carea' id='block_1_11' title="bbox 0 0 1078 3008">
    <p class='ocr_par' dir='ltr' id='par_1_13' title="bbox 0 0 1078 3008">
     <span class='ocr_line' id='line_1_38' title="bbox 0 0 1078 3008; baseline 0 0"><span class='ocrx_word' id='word_1_261' title='bbox 0 0 1078 3008; x_wconf 95' lang='lat' dir='ltr'> </span> 
     </span>
    </p>
   </div>
  </div>
 </body>
</html>
