2154 3002
124 183 126 188 ’
195 182 230 264 ss'
492 197 647 258 onnrro
664 201 699 258 v.

195 309 289 374 neda,
299 315 331 364 ot
339 293 461 368 solebat,
474 303 586 372 placido
595 303 678 367 mari„
693 301 824 357 secundis
832 303 990 384 conspires·

196 379 266 432 tium
279 384 426 434 ventorum
440 371 551 424 flatibus
565 370 686 438 impulsa
699 367 797 441 fertur.
831 371 990 424 llorrrbiles

196 455 259 498 eam
268 439 412 509 procellae
426 445 455 490 et
470 437 611 490 turbinum
620 438 675 500 vis,
693 437 739 486 vel
751 437 990 500 enercitatissimis

192 507 342 566 metuenda
351 505 519 574 rectoribus,
531 504 631 572 agitat,
640 508 682 566 ut,
693 515 846 570 quanquam
856 517 873 551 a
882 501 990 554 naufrei
1037 521 1041 530 =

121 587 122 591 ’
193 573 364 645 gicquidern
373 571 479 626 nullum
492 570 645 637 periculum
655 574 712 631 est,
726 583 782 619 non
792 567 940 620 mediocris
950 573 990 618 ta·

156 665 159 677 ⁴
192 656 257 693 men
272 641 379 690 animos
392 644 488 690 teneat
499 644 602 700 metus,
622 649 656 686 ne
671 639 729 686 tam
744 642 828 685 saeva
839 639 990 700 tempestas

193 707 295 762 multos
306 705 452 767 mortales,
461 718 595 755 novarum
605 701 766 768 opinionum
775 699 904 752 fluctibus
913 701 990 752 inum

192 773 283 834 lutor,
298 771 328 824 iu
338 786 372 822 ea
381 772 479 824 brevia
490 769 657 838 praecipites
668 767 800 834 abripiat,
810 767 883 818 unde
892 758 991 833 po'stcn

191 854 246 894 nec
260 844 373 888 enatare
384 833 443 904 ¹ipsi
456 851 508 888 nec
519 835 637 896 evadere
648 839 730 900 atque
746 847 888 899 emergere
898 833 989 884 sileno

193 905 299 958 auxilio
322 903 440 971 possint.
475 902 537 962 Quo
561 916 613 952 nos
631 915 726 952 omnes
746 899 854 950 divinae
872 894 991 950 bonitati

194 973 314 1028 maiores
326 983 409 1038 agere
424 969 528 1036 gratias
539 967 680 1028 convenit,
692 979 776 1032 quae,
786 965 919 1032 depositis
930 976 991 1030 pro·

193 1053 230 1108 pe
242 1039 298 1088 iam
312 1037 408 1099 rebus,
429 1037 505 1085 certe
520 1031 632 1099 quidem
647 1031 676 1080 in
692 1046 826 1082 summum
844 1029 992 1082 discrimen

195 1103 324 1166 adductis
338 1109 366 1153 et
380 1107 503 1154 extrema
516 1113 564 1165 spe
575 1095 771 1166 pendentibus,
786 1111 848 1148 eum
858 1095 993 1176 guberne·

194 1177 286 1224 torem
300 1167 389 1232 dedit,
405 1183 459 1236 quo
470 1166 614 1218 meliorem
630 1173 658 1216 et
669 1163 782 1232 adhaec
794 1177 886 1214 omma
898 1163 927 1213 in
936 1173 993 1212 me-

190 1236 250 1302 lius
267 1235 455 1290 convertenda
468 1229 762 1292 accommodatiorem,
780 1228 837 1280 n'on
851 1229 993 1279 dicum're·

195 1305 302 1384 perire,
320 1301 371 1352 seo
384 1315 419 1352 ue
432 1305 528 1367 optare
565 1297 658 1348 uidem
677 1302 725 1347 aut
743 1296 826 1346 etiam
840 1291 992 1360 cogitando

196 1369 347 1424 informare
357 1371 526 1448 poteramus.
575 1379 619 1416 am
631 1363 703 1412 nunc
711 1361 798 1428 igitur
808 1359 994 1426 praecipimus

197 1433 335 1490 mentibus
346 1449 405 1496 erus
416 1435 474 1486 diei
487 1430 635 1489 laetitiam,
651 1440 704 1492 quo
716 1431 813 1491 gentes
827 1423 907 1481 illae,
922 1435 994 1486 quac

197 1510 256 1554 tum
266 1500 412 1554 fallacibus
422 1498 611 1566 improborum
625 1491 765 1542 hominum
779 1486 952 1552 sermonibus
962 1486 995 1538 in

197 1569 314 1638 laqueos
331 1566 434 1618 erroris
447 1565 590 1621 inductae,
609 1564 667 1609 tum
681 1551 810 1604 fortassis
825 1549 908 1601 etiam
925 1562 995 1618 quo·

196 1636 316 1690 tundam
330 1648 345 1685 e
361 1631 466 1684 nostris
485 1623 626 1680 licentiori
642 1625 670 1671 ct
689 1615 863 1668 dissolutiori
881 1616 995 1669 vivendi

198 1717 302 1770 genere
313 1699 436 1758 offensae
441 1731 450 1758 ,
469 1689 647 1759 absciderunt
656 1699 686 1736 sc
699 1686 775 1750 ipsas
789 1697 806 1733 a
819 1697 936 1752 corpore
950 1697 996 1734 ec·

198 1767 304 1822 clesiae
318 1771 346 1818 et
362 1763 494 1814 adversus
507 1769 568 1806 eam
577 1751 691 1818 impium
701 1763 733 1800 ac
743 1748 878 1809 nefarium
891 1749 997 1801 bellum

197 1849 280 1890 susce
301 1833 388 1892 crunt,
398 1830 503 1877 mutato
515 1819 632 1871 consilio
642 1817 677 1870 ad
687 1816 832 1868 sanitatem
842 1817 958 1869 redeant
967 1822 999 1866 et

200 1914 304 1956 erroris
314 1895 358 1946 sui
367 1891 475 1945 veniam
483 1891 620 1956 petentes,
632 1883 760 1952 deposita
770 1883 845 1935 omni
854 1890 998 1934 contuma-

198 1969 257 2029 cia,
281 1955 462 2014 sanctissimis
480 1951 598 2024 pedibus
620 1953 677 2002 tuis
697 1949 822 2002 osculum
840 1950 933 2016 ligant.
970 1946 995 1998 0

218 2029 371 2084 saeclorum
385 2022 466 2074 illum
478 2018 646 2086 triumphum
661 2023 761 2070 etcum
777 2015 917 2080 omnibus,
935 2019 997 2065 tum

197 2047 235 2150 fis
252 2092 413 2162 praecipue,
434 2089 469 2141 de
488 2085 588 2158 quibus
607 2089 720 2152 agetur,¹
744 2081 905 2152 optabilem!
931 2077 997 2129 Non

199 2161 273 2214 enirn
282 2165 313 2210 tu
321 2156 387 2208 illos
398 2157 566 2224 opprimere,
581 2152 630 2204 sed
640 2165 789 2220 oppressos
800 2148 920 2214 erigere3
939 2157 999 2195 non

197 2228 229 2280 in
239 2225 401 2279 servitutem
411 2224 562 2282 abducere,
577 2219 656 2272 seda
667 2216 810 2268 teterrima
823 2210 998 2270 servitutem

198 2306 292 2347 reram
301 2291 460 2344 libertatem
469 2301 608 2350 asserere3
621 2299 678 2336 nen
707 2281 814 2342 erdere,
824 2277 874 2330 scd
884 2285 998 2330 serrare

149 2378 152 2382 ’
199 2359 255 2426 ris3
273 2373 329 2411 non
343 2368 440 2410 eorum
452 2355 615 2424 sanguinem
624 2349 673 2400 run
694 2341 999 2410 ere,sed,nesaug'tris

199 2425 264 2480 lesu
278 2424 382 2476 Christi
397 2422 502 2476 frustra
513 2433 564 2488 pro
580 2416 620 2469 eis
633 2414 712 2465 fusus
733 2413 781 2472 sit,
799 2409 921 2470 efficere3
940 2411 1000 2458 nc'n

199 2494 314 2548 retortis
324 2497 507 2560 posttergum
515 2483 641 2538 manibus
647 2515 655 2542 ,
670 2477 744 2529 collo
755 2474 859 2526 catenis
871 2477 1000 2552 gravato,

200 2565 265 2621 ante
277 2563 386 2612 currum
397 2557 506 2614 ducere,
518 2549 568 2602 sed
577 2550 613 2599 iis
622 2546 691 2612 ipsis
701 2541 827 2601 vinculis,
857 2540 938 2590 urbes
948 2539 1002 2590 im·

221 2626 290 2687 editi
298 2631 441 2687 tenentur,
453 2617 598 2674 exsolvere
608 2609 760 2681 meditaris.
797 2606 851 2670 Qui
870 2605 1003 2674 usigitur

155 2687 158 2694 ’
199 2645 271 2766 ipsis
281 2696 337 2748 nisi
348 2697 377 2746 in
387 2704 436 2753 eo‚·
450 2693 482 2738 ut
494 2684 654 2742 vincantur,
668 2675 745 2728 nulle
758 2689 822 2742 spes
835 2673 933 2730 salutis
947 2675 1001 2734 est,
1063 2687 1064 2708 ³
