<?xml version="1.0" encoding="UTF-8"?>
<!DOCTYPE html PUBLIC "-//W3C//DTD XHTML 1.0 Transitional//EN"
    "http://www.w3.org/TR/xhtml1/DTD/xhtml1-transitional.dtd">
<html xmlns="http://www.w3.org/1999/xhtml" xml:lang="en" lang="en">
 <head>
  <title>
</title>
<meta http-equiv="Content-Type" content="text/html;charset=utf-8" />
  <meta name='ocr-system' content='tesseract 3.04.00' />
  <meta name='ocr-capabilities' content='ocr_page ocr_carea ocr_par ocr_line ocrx_word'/>
</head>
<body>
  <div class='ocr_page' id='page_1' title='image "./mantoniimuretie00muregoog_0268.png"; bbox 0 0 2146 3008; ppageno 0'>
   <div class='ocr_carea' id='block_1_1' title="bbox 331 165 873 232">
    <p class='ocr_par' dir='ltr' id='par_1_1' title="bbox 331 165 873 232">
     <span class='ocr_line' id='line_1_1' title="bbox 331 165 873 232; baseline 0.011 -6"><span class='ocrx_word' id='word_1_1' title='bbox 331 173 482 226; x_wconf 80' lang='lat' dir='ltr'>ORATIO</span> <span class='ocrx_word' id='word_1_2' title='bbox 500 174 615 228; x_wconf 82' lang='lat' dir='ltr'><strong>xxiii.</strong></span> <span class='ocrx_word' id='word_1_3' title='bbox 684 165 687 170; x_wconf 42' lang='lat'>¹</span> <span class='ocrx_word' id='word_1_4' title='bbox 823 179 873 232; x_wconf 71' lang='lat'><strong>245</strong></span> 
     </span>
    </p>
   </div>
   <div class='ocr_carea' id='block_1_2' title="bbox 44 272 876 610">
    <p class='ocr_par' dir='ltr' id='par_1_2' title="bbox 44 272 876 610">
     <span class='ocr_line' id='line_1_2' title="bbox 110 272 874 391; baseline 0.009 -63"><span class='ocrx_word' id='word_1_5' title='bbox 110 274 166 328; x_wconf 83' lang='lat' dir='ltr'><strong>Sed</strong></span> <span class='ocrx_word' id='word_1_6' title='bbox 180 279 224 337; x_wconf 88' lang='lat' dir='ltr'><strong>ut,</strong></span> <span class='ocrx_word' id='word_1_7' title='bbox 245 272 318 328; x_wconf 88' lang='lat' dir='ltr'><strong>unde</strong></span> <span class='ocrx_word' id='word_1_8' title='bbox 338 273 481 391; x_wconf 63' lang='lat' dir='ltr'><strong>digressus</strong></span> <span class='ocrx_word' id='word_1_9' title='bbox 502 291 574 340; x_wconf 89' lang='lat' dir='ltr'><strong>sum,</strong></span> <span class='ocrx_word' id='word_1_10' title='bbox 593 275 720 341; x_wconf 87' lang='lat' dir='ltr'><strong>redeam,</strong></span> <span class='ocrx_word' id='word_1_11' title='bbox 738 285 821 346; x_wconf 85' lang='lat' dir='ltr'><strong>atque</strong></span> <span class='ocrx_word' id='word_1_12' title='bbox 834 279 874 343; x_wconf 88' lang='lat' dir='ltr'><strong>id,</strong></span> 
     </span>
     <span class='ocr_line' id='line_1_3' title="bbox 44 339 875 414; baseline 0.006 -21"><span class='ocrx_word' id='word_1_13' title='bbox 44 359 46 364; x_wconf 61' lang='lat'><strong><em>¹</em></strong></span> <span class='ocrx_word' id='word_1_14' title='bbox 75 343 150 410; x_wconf 83' lang='lat' dir='ltr'><strong>quod</strong></span> <span class='ocrx_word' id='word_1_15' title='bbox 165 342 286 403; x_wconf 89' lang='lat' dir='ltr'><strong>institui,</strong></span> <span class='ocrx_word' id='word_1_16' title='bbox 307 339 373 391; x_wconf 88' lang='lat' dir='ltr'><strong>abso</strong></span> <span class='ocrx_word' id='word_1_17' title='bbox 388 357 462 398; x_wconf 71' lang='lat' dir='ltr'><strong>ram:</strong></span> <span class='ocrx_word' id='word_1_18' title='bbox 481 351 509 396; x_wconf 90' lang='lat' dir='ltr'><strong>et</strong></span> <span class='ocrx_word' id='word_1_19' title='bbox 520 343 556 394; x_wconf 82' lang='lat' dir='ltr'><strong>‘ad</strong></span> <span class='ocrx_word' id='word_1_20' title='bbox 570 343 718 396; x_wconf 82' lang='lat' dir='ltr'><strong>facultates</strong></span> <span class='ocrx_word' id='word_1_21' title='bbox 734 362 766 396; x_wconf 88' lang='lat' dir='ltr'><strong>ao</strong></span> <span class='ocrx_word' id='word_1_22' title='bbox 780 347 875 414; x_wconf 88' lang='lat' dir='ltr'><strong>copias</strong></span> 
     </span>
     <span class='ocr_line' id='line_1_4' title="bbox 75 409 876 477; baseline 0.006 -17"><span class='ocrx_word' id='word_1_23' title='bbox 75 411 135 461; x_wconf 89' lang='lat' dir='ltr'><strong>sine</strong></span> <span class='ocrx_word' id='word_1_24' title='bbox 147 409 284 460; x_wconf 87' lang='lat' dir='ltr'><strong>dedecore</strong></span> <span class='ocrx_word' id='word_1_25' title='bbox 299 409 434 473; x_wconf 88' lang='lat' dir='ltr'><strong>parandas</strong></span> <span class='ocrx_word' id='word_1_26' title='bbox 445 411 670 464; x_wconf 76' lang='lat' dir='ltr'>accommodatae</span> <span class='ocrx_word' id='word_1_27' title='bbox 681 421 745 466; x_wconf 86' lang='lat' dir='ltr'><strong>suat</strong></span> <span class='ocrx_word' id='word_1_28' title='bbox 755 414 876 477; x_wconf 79' lang='lat' dir='ltr'><strong>litterae,</strong></span> 
     </span>
     <span class='ocr_line' id='line_1_5' title="bbox 78 475 875 545; baseline 0.003 -17"><span class='ocrx_word' id='word_1_29' title='bbox 78 484 107 528; x_wconf 92' lang='lat' dir='ltr'><strong>et</strong></span> <span class='ocrx_word' id='word_1_30' title='bbox 120 476 206 527; x_wconf 91' lang='lat' dir='ltr'><strong>multe</strong></span> <span class='ocrx_word' id='word_1_31' title='bbox 226 475 315 542; x_wconf 73' lang='lat' dir='ltr'><strong>nangis</strong></span> <span class='ocrx_word' id='word_1_32' title='bbox 335 475 468 534; x_wconf 87' lang='lat' dir='ltr'><strong>colendae</strong></span> <span class='ocrx_word' id='word_1_33' title='bbox 483 479 531 540; x_wconf 90' lang='lat' dir='ltr'><strong>iis,</strong></span> <span class='ocrx_word' id='word_1_34' title='bbox 552 480 600 544; x_wconf 91' lang='lat' dir='ltr'><strong>qui</strong></span> <span class='ocrx_word' id='word_1_35' title='bbox 614 480 712 545; x_wconf 87' lang='lat' dir='ltr'><strong>opibus</strong></span> <span class='ocrx_word' id='word_1_36' title='bbox 726 480 875 542; x_wconf 86' lang='lat' dir='ltr'><strong>abundant,</strong></span> 
     </span>
     <span class='ocr_line' id='line_1_6' title="bbox 76 540 876 610; baseline 0.005 -16"><span class='ocrx_word' id='word_1_37' title='bbox 76 557 124 608; x_wconf 87' lang='lat' dir='ltr'><strong>ne,</strong></span> <span class='ocrx_word' id='word_1_38' title='bbox 137 542 162 594; x_wconf 89' lang='lat' dir='ltr'><strong>si</strong></span> <span class='ocrx_word' id='word_1_39' title='bbox 171 543 199 594; x_wconf 91' lang='lat' dir='ltr'><strong>id</strong></span> <span class='ocrx_word' id='word_1_40' title='bbox 213 540 306 593; x_wconf 86' lang='lat' dir='ltr'><strong>iacere</strong></span> <span class='ocrx_word' id='word_1_41' title='bbox 322 543 509 610; x_wconf 70' lang='lat' dir='ltr'><strong>neglexerint,</strong></span> <span class='ocrx_word' id='word_1_42' title='bbox 523 546 714 598; x_wconf 79' lang='lat' dir='ltr'><strong>instrumentis</strong></span> <span class='ocrx_word' id='word_1_43' title='bbox 725 546 778 598; x_wconf 89' lang='lat' dir='ltr'><strong>sihi</strong></span> <span class='ocrx_word' id='word_1_44' title='bbox 787 563 804 598; x_wconf 90' lang='lat' dir='ltr'><strong>e</strong></span> <span class='ocrx_word' id='word_1_45' title='bbox 814 546 876 598; x_wconf 88' lang='lat' dir='ltr'><strong>Deo</strong></span> 
     </span>
    </p>
   </div>
   <div class='ocr_carea' id='block_1_3' title="bbox 76 608 1012 676">
    <p class='ocr_par' dir='ltr' id='par_1_3' title="bbox 76 608 1012 676">
     <span class='ocr_line' id='line_1_7' title="bbox 76 608 1012 676; baseline 0.005 -16"><span class='ocrx_word' id='word_1_46' title='bbox 76 609 113 660; x_wconf 89' lang='lat' dir='ltr'><strong>ad</strong></span> <span class='ocrx_word' id='word_1_47' title='bbox 125 609 254 659; x_wconf 80' lang='lat' dir='ltr'><strong>virtutem</strong></span> <span class='ocrx_word' id='word_1_48' title='bbox 269 609 341 660; x_wconf 86' lang='lat' dir='ltr'><strong>datis</strong></span> <span class='ocrx_word' id='word_1_49' title='bbox 361 625 410 676; x_wconf 91' lang='lat' dir='ltr'><strong>per</strong></span> <span class='ocrx_word' id='word_1_50' title='bbox 422 612 551 664; x_wconf 85' lang='lat' dir='ltr'><strong>inertiam</strong></span> <span class='ocrx_word' id='word_1_51' title='bbox 565 613 645 665; x_wconf 87' lang='lat' dir='ltr'><strong>abusi</strong></span> <span class='ocrx_word' id='word_1_52' title='bbox 659 628 722 666; x_wconf 84' lang='lat' dir='ltr'><strong>esse</strong></span> <span class='ocrx_word' id='word_1_53' title='bbox 740 614 875 666; x_wconf 85' lang='lat' dir='ltr'><strong>dieantur.</strong></span> <span class='ocrx_word' id='word_1_54' title='bbox 943 617 947 622; x_wconf 86' lang='lat'>&#39;</span> <span class='ocrx_word' id='word_1_55' title='bbox 1010 608 1012 615; x_wconf 81' lang='grc'><strong>’</strong></span> 
     </span>
    </p>
   </div>
   <div class='ocr_carea' id='block_1_4' title="bbox 76 675 877 746">
    <p class='ocr_par' dir='ltr' id='par_1_4' title="bbox 76 675 877 746">
     <span class='ocr_line' id='line_1_8' title="bbox 76 675 877 746; baseline 0.007 -20"><span class='ocrx_word' id='word_1_56' title='bbox 76 675 235 743; x_wconf 87' lang='lat' dir='ltr'><strong>Eademque</strong></span> <span class='ocrx_word' id='word_1_57' title='bbox 249 679 321 726; x_wconf 90' lang='lat' dir='ltr'><strong>ratio</strong></span> <span class='ocrx_word' id='word_1_58' title='bbox 336 682 379 726; x_wconf 87' lang='lat' dir='ltr'><strong>est</strong></span> <span class='ocrx_word' id='word_1_59' title='bbox 388 685 417 728; x_wconf 91' lang='lat' dir='ltr'><strong>et</strong></span> <span class='ocrx_word' id='word_1_60' title='bbox 429 693 524 730; x_wconf 89' lang='lat' dir='ltr'><strong>eorum</strong></span> <span class='ocrx_word' id='word_1_61' title='bbox 536 679 635 746; x_wconf 89' lang='lat' dir='ltr'><strong>quibus</strong></span> <span class='ocrx_word' id='word_1_62' title='bbox 646 681 727 744; x_wconf 87' lang='lat' dir='ltr'><strong>clari,</strong></span> <span class='ocrx_word' id='word_1_63' title='bbox 741 687 877 732; x_wconf 84' lang='lat' dir='ltr'><strong>eteorum</strong></span> 
     </span>
    </p>
   </div>
   <div class='ocr_carea' id='block_1_5' title="bbox 1 740 877 868">
    <p class='ocr_par' dir='ltr' id='par_1_5' title="bbox 1 740 877 868">
     <span class='ocr_line' id='line_1_9' title="bbox 1 740 877 858; baseline 0.011 -69"><span class='ocrx_word' id='word_1_64' title='bbox 1 740 5 752; x_wconf 90' lang='lat'><em>&#39;</em></span> <span class='ocrx_word' id='word_1_65' title='bbox 77 741 175 858; x_wconf 44' lang='lat' dir='ltr'><strong>hlllr&#39;ibu&#39;</strong></span> <span class='ocrx_word' id='word_1_66' title='bbox 202 742 313 822; x_wconf 75' lang='lat' dir='ltr'><strong>obscuri</strong></span> <span class='ocrx_word' id='word_1_67' title='bbox 337 750 466 824; x_wconf 79' lang='lat' dir='ltr'><strong>parentes</strong></span> <span class='ocrx_word' id='word_1_68' title='bbox 490 746 662 824; x_wconf 78' lang='lat' dir='ltr'><strong>obtigerunt.</strong></span> <span class='ocrx_word' id='word_1_69' title='bbox 696 747 767 800; x_wconf 88' lang='lat' dir='ltr'><strong>Nam</strong></span> <span class='ocrx_word' id='word_1_70' title='bbox 786 761 877 816; x_wconf 89' lang='lat' dir='ltr'><strong>neque</strong></span> 
     </span>
     <span class='ocr_line' id='line_1_10' title="bbox 77 808 877 868; baseline 0.01 -8"><span class='ocrx_word' id='word_1_71' title='bbox 77 823 86 860; x_wconf 83' lang='grc' dir='ltr'>ι</span> <span class='ocrx_word' id='word_1_72' title='bbox 137 808 196 860; x_wconf 84' lang='grc' dir='ltr'>ιιΙΙο</span> <span class='ocrx_word' id='word_1_73' title='bbox 209 823 310 859; x_wconf 83' lang='lat' dir='ltr'><strong>marorr</strong></span> <span class='ocrx_word' id='word_1_74' title='bbox 329 817 377 859; x_wconf 88' lang='lat' dir='ltr'><strong>aut</strong></span> <span class='ocrx_word' id='word_1_75' title='bbox 395 811 544 861; x_wconf 82' lang='lat' dir='ltr'><strong>rllustnon</strong></span> <span class='ocrx_word' id='word_1_76' title='bbox 560 821 722 865; x_wconf 85' lang='lat' dir='ltr'><strong>ornamento</strong></span> <span class='ocrx_word' id='word_1_77' title='bbox 740 815 877 868; x_wconf 85' lang='lat' dir='ltr'><strong>condece-</strong></span> 
     </span>
    </p>
   </div>
   <div class='ocr_carea' id='block_1_6' title="bbox 75 875 961 945">
    <p class='ocr_par' dir='ltr' id='par_1_6' title="bbox 75 875 961 945">
     <span class='ocr_line' id='line_1_11' title="bbox 75 875 961 945; baseline 0.006 -20"><span class='ocrx_word' id='word_1_78' title='bbox 75 889 152 938; x_wconf 87' lang='lat' dir='ltr'><strong>rare,</strong></span> <span class='ocrx_word' id='word_1_79' title='bbox 164 880 204 937; x_wconf 88' lang='lat' dir='ltr'><strong>et,</strong></span> <span class='ocrx_word' id='word_1_80' title='bbox 214 882 244 926; x_wconf 91' lang='lat' dir='ltr'><strong>ut</strong></span> <span class='ocrx_word' id='word_1_81' title='bbox 254 875 370 926; x_wconf 82' lang='lat' dir='ltr'>Homeri</span> <span class='ocrx_word' id='word_1_82' title='bbox 380 876 465 926; x_wconf 83' lang='lat' dir='ltr'><strong>verbo</strong></span> <span class='ocrx_word' id='word_1_83' title='bbox 476 882 548 936; x_wconf 89' lang='lat' dir='ltr'><strong>utar,</strong></span> <span class='ocrx_word' id='word_1_84' title='bbox 556 892 692 930; x_wconf 85' lang='lat' dir='ltr'><strong>coronare</strong></span> <span class='ocrx_word' id='word_1_85' title='bbox 702 889 819 945; x_wconf 87' lang='lat' dir='ltr'><strong>possunt</strong></span> <span class='ocrx_word' id='word_1_86' title='bbox 829 896 877 932; x_wconf 90' lang='lat' dir='ltr'><strong>no·</strong></span> <span class='ocrx_word' id='word_1_87' title='bbox 956 920 961 930; x_wconf 74' lang='grc'><strong>,</strong></span> 
     </span>
    </p>
   </div>
   <div class='ocr_carea' id='block_1_7' title="bbox 1 940 931 2076">
    <p class='ocr_par' dir='ltr' id='par_1_7' title="bbox 1 940 931 1408">
     <span class='ocr_line' id='line_1_12' title="bbox 76 940 878 1010; baseline 0.009 -17"><span class='ocrx_word' id='word_1_88' title='bbox 76 942 214 1005; x_wconf 85' lang='lat' dir='ltr'><strong>bilitatem</strong></span> <span class='ocrx_word' id='word_1_89' title='bbox 224 957 241 992; x_wconf 91' lang='lat' dir='ltr'><strong>a</strong></span> <span class='ocrx_word' id='word_1_90' title='bbox 249 940 400 993; x_wconf 88' lang='lat' dir='ltr'><strong>maioribus</strong></span> <span class='ocrx_word' id='word_1_91' title='bbox 411 948 659 1010; x_wconf 71' lang='lat' dir='ltr'><strong>acceptamneqne</strong></span> <span class='ocrx_word' id='word_1_92' title='bbox 670 943 699 995; x_wconf 90' lang='lat' dir='ltr'><strong>hi</strong></span> <span class='ocrx_word' id='word_1_93' title='bbox 709 961 744 997; x_wconf 83' lang='lat' dir='ltr'><strong>ex</strong></span> <span class='ocrx_word' id='word_1_94' title='bbox 753 948 878 1000; x_wconf 78' lang='lat' dir='ltr'><strong>tenebris</strong></span> 
     </span>
     <span class='ocr_line' id='line_1_13' title="bbox 75 1007 878 1078; baseline 0.004 -18"><span class='ocrx_word' id='word_1_95' title='bbox 75 1010 135 1060; x_wconf 89' lang='lat' dir='ltr'><strong>ulla</strong></span> <span class='ocrx_word' id='word_1_96' title='bbox 147 1008 256 1059; x_wconf 89' lang='lat' dir='ltr'><strong>ratione</strong></span> <span class='ocrx_word' id='word_1_97' title='bbox 270 1007 383 1056; x_wconf 82' lang='lat' dir='ltr'><strong>lucilius</strong></span> <span class='ocrx_word' id='word_1_98' title='bbox 399 1021 556 1074; x_wconf 81' lang='lat' dir='ltr'><strong>emergere,</strong></span> <span class='ocrx_word' id='word_1_99' title='bbox 575 1024 660 1076; x_wconf 89' lang='lat' dir='ltr'><strong>seque</strong></span> <span class='ocrx_word' id='word_1_100' title='bbox 675 1011 705 1062; x_wconf 88' lang='lat' dir='ltr'><strong>in</strong></span> <span class='ocrx_word' id='word_1_101' title='bbox 719 1011 781 1062; x_wconf 89' lang='lat' dir='ltr'><strong>luce</strong></span> <span class='ocrx_word' id='word_1_102' title='bbox 795 1019 878 1078; x_wconf 88' lang='lat' dir='ltr'><strong>atque</strong></span> 
     </span>
     <span class='ocr_line' id='line_1_14' title="bbox 75 1071 878 1145; baseline 0.002 -17"><span class='ocrx_word' id='word_1_103' title='bbox 75 1077 105 1128; x_wconf 92' lang='lat' dir='ltr'><strong>in</strong></span> <span class='ocrx_word' id='word_1_104' title='bbox 119 1073 208 1125; x_wconf 87' lang='lat' dir='ltr'><strong>oculis</strong></span> <span class='ocrx_word' id='word_1_105' title='bbox 222 1074 343 1124; x_wconf 89' lang='lat' dir='ltr'><strong>omnium</strong></span> <span class='ocrx_word' id='word_1_106' title='bbox 358 1071 525 1134; x_wconf 88' lang='lat' dir='ltr'><strong>collocatos,</strong></span> <span class='ocrx_word' id='word_1_107' title='bbox 545 1080 734 1142; x_wconf 85' lang='lat' dir='ltr'><strong>acontcnrptu</strong></span> <span class='ocrx_word' id='word_1_108' title='bbox 747 1084 830 1145; x_wconf 89' lang='lat' dir='ltr'><strong>atque</strong></span> <span class='ocrx_word' id='word_1_109' title='bbox 844 1079 878 1130; x_wconf 88' lang='lat' dir='ltr'><strong>ab</strong></span> 
     </span>
     <span class='ocr_line' id='line_1_15' title="bbox 77 1140 931 1205; baseline 0.002 -11"><span class='ocrx_word' id='word_1_110' title='bbox 77 1140 219 1194; x_wconf 83' lang='lat' dir='ltr'><strong>oblivione</strong></span> <span class='ocrx_word' id='word_1_111' title='bbox 238 1142 443 1205; x_wconf 87' lang='lat' dir='ltr'><strong>inperpetuum</strong></span> <span class='ocrx_word' id='word_1_112' title='bbox 460 1141 612 1194; x_wconf 83' lang='lat' dir='ltr'><strong>vindicare.</strong></span> <span class='ocrx_word' id='word_1_113' title='bbox 647 1143 706 1194; x_wconf 84' lang='lat' dir='ltr'><strong>Rex</strong></span> <span class='ocrx_word' id='word_1_114' title='bbox 721 1151 781 1194; x_wconf 89' lang='lat' dir='ltr'><strong>erat</strong></span> <span class='ocrx_word' id='word_1_115' title='bbox 793 1159 878 1196; x_wconf 89' lang='lat' dir='ltr'><strong>aere·</strong></span> <span class='ocrx_word' id='word_1_116' title='bbox 929 1173 931 1183; x_wconf 51' lang='grc' dir='ltr'>ι</span> 
     </span>
     <span class='ocr_line' id='line_1_16' title="bbox 76 1205 878 1278; baseline 0.004 -19"><span class='ocrx_word' id='word_1_117' title='bbox 76 1208 121 1278; x_wconf 88' lang='lat' dir='ltr'><strong>gis</strong></span> <span class='ocrx_word' id='word_1_118' title='bbox 139 1206 214 1257; x_wconf 88' lang='lat' dir='ltr'><strong>lilius</strong></span> <span class='ocrx_word' id='word_1_119' title='bbox 232 1205 389 1256; x_wconf 80' lang='lat' dir='ltr'><strong>Alexander</strong></span> <span class='ocrx_word' id='word_1_120' title='bbox 405 1207 538 1269; x_wconf 85' lang='lat' dir='ltr'><strong>Macedo,</strong></span> <span class='ocrx_word' id='word_1_121' title='bbox 558 1214 586 1259; x_wconf 92' lang='lat' dir='ltr'><strong>et</strong></span> <span class='ocrx_word' id='word_1_122' title='bbox 598 1207 670 1260; x_wconf 86' lang='lat' dir='ltr'><strong>riam</strong></span> <span class='ocrx_word' id='word_1_123' title='bbox 688 1209 742 1260; x_wconf 89' lang='lat' dir='ltr'><strong>sihi</strong></span> <span class='ocrx_word' id='word_1_124' title='bbox 757 1210 793 1262; x_wconf 88' lang='lat' dir='ltr'><strong>ad</strong></span> <span class='ocrx_word' id='word_1_125' title='bbox 806 1226 878 1262; x_wconf 83' lang='lat' dir='ltr'><strong>sunr-</strong></span> 
     </span>
     <span class='ocr_line' id='line_1_17' title="bbox 74 1272 878 1342; baseline 0.002 -15"><span class='ocrx_word' id='word_1_126' title='bbox 74 1290 148 1328; x_wconf 86' lang='lat' dir='ltr'><strong>nram</strong></span> <span class='ocrx_word' id='word_1_127' title='bbox 159 1272 312 1324; x_wconf 85' lang='lat' dir='ltr'><strong>claritatem</strong></span> <span class='ocrx_word' id='word_1_128' title='bbox 327 1286 359 1322; x_wconf 86' lang='lat' dir='ltr'><strong>ac</strong></span> <span class='ocrx_word' id='word_1_129' title='bbox 372 1274 525 1338; x_wconf 83' lang='lat' dir='ltr'><strong>potentiani</strong></span> <span class='ocrx_word' id='word_1_130' title='bbox 536 1275 620 1324; x_wconf 86' lang='lat' dir='ltr'><strong>armis</strong></span> <span class='ocrx_word' id='word_1_131' title='bbox 634 1275 759 1342; x_wconf 89' lang='lat' dir='ltr'><strong>quetidie</strong></span> <span class='ocrx_word' id='word_1_132' title='bbox 774 1277 878 1330; x_wconf 76' lang='grc' dir='ltr'><strong>ιιιιιιιίε·Ι</strong></span> 
     </span>
     <span class='ocr_line' id='line_1_18' title="bbox 1 1338 878 1408; baseline 0.003 -18"><span class='ocrx_word' id='word_1_133' title='bbox 1 1376 9 1390; x_wconf 83' lang='lat'>.</span> <span class='ocrx_word' id='word_1_134' title='bbox 74 1343 134 1394; x_wconf 84' lang='lat' dir='ltr'><strong>bat.</strong></span> <span class='ocrx_word' id='word_1_135' title='bbox 167 1341 202 1393; x_wconf 88' lang='lat' dir='ltr'><strong>At</strong></span> <span class='ocrx_word' id='word_1_136' title='bbox 220 1340 245 1392; x_wconf 91' lang='lat' dir='ltr'><strong>is</strong></span> <span class='ocrx_word' id='word_1_137' title='bbox 256 1346 285 1390; x_wconf 91' lang='lat' dir='ltr'><strong>et</strong></span> <span class='ocrx_word' id='word_1_138' title='bbox 316 1338 404 1390; x_wconf 88' lang='lat' dir='ltr'><strong>lasse</strong></span> <span class='ocrx_word' id='word_1_139' title='bbox 421 1340 522 1392; x_wconf 89' lang='lat' dir='ltr'><strong>debere</strong></span> <span class='ocrx_word' id='word_1_140' title='bbox 537 1341 695 1404; x_wconf 77' lang='lat' dir='ltr'><strong>Aristoteli,</strong></span> <span class='ocrx_word' id='word_1_141' title='bbox 715 1357 732 1392; x_wconf 89' lang='lat' dir='ltr'><strong>a</strong></span> <span class='ocrx_word' id='word_1_142' title='bbox 747 1357 800 1408; x_wconf 92' lang='lat' dir='ltr'><strong>quo</strong></span> <span class='ocrx_word' id='word_1_143' title='bbox 817 1357 878 1393; x_wconf 92' lang='lat' dir='ltr'><strong>eru·</strong></span> 
     </span>
    </p>

    <p class='ocr_par' dir='ltr' id='par_1_8' title="bbox 73 1353 903 2076">
     <span class='ocr_line' id='line_1_19' title="bbox 75 1353 878 1475; baseline 0 -14"><span class='ocrx_word' id='word_1_144' title='bbox 75 1409 164 1470; x_wconf 85' lang='lat' dir='ltr'><strong>ditus,</strong></span> <span class='ocrx_word' id='word_1_145' title='bbox 179 1421 260 1475; x_wconf 88' lang='lat' dir='ltr'><strong>quam</strong></span> <span class='ocrx_word' id='word_1_146' title='bbox 274 1353 417 1474; x_wconf 61' lang='lat' dir='ltr'><strong>Philippo,</strong></span> <span class='ocrx_word' id='word_1_147' title='bbox 431 1423 448 1458; x_wconf 86' lang='lat' dir='ltr'><strong>a</strong></span> <span class='ocrx_word' id='word_1_148' title='bbox 459 1422 513 1475; x_wconf 89' lang='lat' dir='ltr'><strong>quo</strong></span> <span class='ocrx_word' id='word_1_149' title='bbox 528 1409 638 1474; x_wconf 88' lang='lat' dir='ltr'><strong>genitus</strong></span> <span class='ocrx_word' id='word_1_150' title='bbox 652 1408 744 1460; x_wconf 84' lang='lat' dir='ltr'><strong>iuerat</strong></span> <span class='ocrx_word' id='word_1_151' title='bbox 757 1415 786 1460; x_wconf 89' lang='lat' dir='ltr'><strong>et</strong></span> <span class='ocrx_word' id='word_1_152' title='bbox 799 1409 878 1461; x_wconf 89' lang='lat' dir='ltr'><strong>cuius</strong></span> 
     </span>
     <span class='ocr_line' id='line_1_20' title="bbox 74 1473 877 1543; baseline 0.002 -18"><span class='ocrx_word' id='word_1_153' title='bbox 74 1478 105 1529; x_wconf 84' lang='lat' dir='ltr'><strong>in</strong></span> <span class='ocrx_word' id='word_1_154' title='bbox 114 1489 230 1541; x_wconf 88' lang='lat' dir='ltr'><strong>regnum</strong></span> <span class='ocrx_word' id='word_1_155' title='bbox 244 1481 430 1538; x_wconf 77' lang='lat' dir='ltr'><strong>successerat,</strong></span> <span class='ocrx_word' id='word_1_156' title='bbox 447 1473 639 1543; x_wconf 82' lang='lat' dir='ltr'><strong>praedicabat,</strong></span> <span class='ocrx_word' id='word_1_157' title='bbox 654 1482 695 1539; x_wconf 85' lang='lat' dir='ltr'><strong>et,</strong></span> <span class='ocrx_word' id='word_1_158' title='bbox 709 1491 772 1528; x_wconf 84' lang='lat' dir='ltr'><strong>euru</strong></span> <span class='ocrx_word' id='word_1_159' title='bbox 781 1474 815 1526; x_wconf 85' lang='lat' dir='ltr'><strong>ab</strong></span> <span class='ocrx_word' id='word_1_160' title='bbox 827 1475 877 1527; x_wconf 93' lang='lat' dir='ltr'><strong>illo</strong></span> 
     </span>
     <span class='ocr_line' id='line_1_21' title="bbox 75 1541 903 1611; baseline -0.002 -15"><span class='ocrx_word' id='word_1_161' title='bbox 75 1542 235 1608; x_wconf 81' lang='lat' dir='ltr'><strong>divulgatos</strong></span> <span class='ocrx_word' id='word_1_162' title='bbox 266 1555 327 1594; x_wconf 89' lang='lat' dir='ltr'><strong>esse</strong></span> <span class='ocrx_word' id='word_1_163' title='bbox 350 1541 437 1594; x_wconf 90' lang='lat' dir='ltr'><strong>libros</strong></span> <span class='ocrx_word' id='word_1_164' title='bbox 461 1543 595 1611; x_wconf 87' lang='lat' dir='ltr'><strong>quosdam</strong></span> <span class='ocrx_word' id='word_1_165' title='bbox 618 1544 713 1594; x_wconf 82' lang='lat' dir='ltr'><strong>arduis</strong></span> <span class='ocrx_word' id='word_1_166' title='bbox 735 1541 769 1594; x_wconf 91' lang='lat' dir='ltr'><strong>de</strong></span> <span class='ocrx_word' id='word_1_167' title='bbox 792 1543 903 1594; x_wconf 68' lang='lat' dir='ltr'><strong>rebus*</strong></span> 
     </span>
     <span class='ocr_line' id='line_1_22' title="bbox 75 1609 878 1680; baseline 0 -18"><span class='ocrx_word' id='word_1_168' title='bbox 75 1612 195 1675; x_wconf 89' lang='lat' dir='ltr'><strong>scriptos</strong></span> <span class='ocrx_word' id='word_1_169' title='bbox 206 1611 373 1677; x_wconf 81' lang='lat' dir='ltr'><strong>accepisset,</strong></span> <span class='ocrx_word' id='word_1_170' title='bbox 388 1623 471 1678; x_wconf 82' lang='lat' dir='ltr'><strong>aegre</strong></span> <span class='ocrx_word' id='word_1_171' title='bbox 482 1611 557 1674; x_wconf 87' lang='lat' dir='ltr'><strong>tulit,</strong></span> <span class='ocrx_word' id='word_1_172' title='bbox 568 1627 601 1664; x_wconf 90' lang='lat' dir='ltr'><strong>ae</strong></span> <span class='ocrx_word' id='word_1_173' title='bbox 611 1625 750 1678; x_wconf 86' lang='lat' dir='ltr'><strong>generosa</strong></span> <span class='ocrx_word' id='word_1_174' title='bbox 759 1609 878 1680; x_wconf 86' lang='lat' dir='ltr'><strong>quadam</strong></span> 
     </span>
     <span class='ocr_line' id='line_1_23' title="bbox 74 1677 879 1748; baseline 0.002 -20"><span class='ocrx_word' id='word_1_175' title='bbox 74 1677 267 1744; x_wconf 80' lang='lat' dir='ltr'><strong>indignatione</strong></span> <span class='ocrx_word' id='word_1_176' title='bbox 277 1685 369 1729; x_wconf 89' lang='lat' dir='ltr'><strong>motus</strong></span> <span class='ocrx_word' id='word_1_177' title='bbox 381 1679 527 1747; x_wconf 89' lang='lat' dir='ltr'><strong>epistolam</strong></span> <span class='ocrx_word' id='word_1_178' title='bbox 537 1680 571 1730; x_wconf 91' lang='lat' dir='ltr'><strong>ad</strong></span> <span class='ocrx_word' id='word_1_179' title='bbox 583 1694 645 1730; x_wconf 87' lang='lat' dir='ltr'><strong>eum</strong></span> <span class='ocrx_word' id='word_1_180' title='bbox 655 1677 812 1748; x_wconf 62' lang='lat' dir='ltr'><strong>scripsitin</strong></span> <span class='ocrx_word' id='word_1_181' title='bbox 824 1692 879 1745; x_wconf 85' lang='lat' dir='ltr'><strong>qua</strong></span> 
     </span>
     <span class='ocr_line' id='line_1_24' title="bbox 75 1742 876 1814; baseline 0 -18"><span class='ocrx_word' id='word_1_182' title='bbox 75 1742 145 1796; x_wconf 88' lang='lat' dir='ltr'><strong>haec</strong></span> <span class='ocrx_word' id='word_1_183' title='bbox 155 1743 241 1795; x_wconf 86' lang='lat' dir='ltr'><strong>rerba</strong></span> <span class='ocrx_word' id='word_1_184' title='bbox 250 1752 325 1796; x_wconf 84' lang='lat' dir='ltr'><strong>sant:</strong></span> <span class='ocrx_word' id='word_1_185' title='bbox 345 1742 414 1796; x_wconf 85' lang='lat' dir='ltr'><strong>Nam</strong></span> <span class='ocrx_word' id='word_1_186' title='bbox 426 1763 477 1812; x_wconf 80' lang='lat' dir='ltr'><strong>qua</strong></span> <span class='ocrx_word' id='word_1_187' title='bbox 487 1764 516 1798; x_wconf 84' lang='lat' dir='ltr'><strong>re</strong></span> <span class='ocrx_word' id='word_1_188' title='bbox 522 1745 638 1812; x_wconf 83' lang='lat' dir='ltr'><strong>posthae</strong></span> <span class='ocrx_word' id='word_1_189' title='bbox 648 1745 742 1799; x_wconf 75' lang='lat' dir='ltr'><strong>ceteris</strong></span> <span class='ocrx_word' id='word_1_190' title='bbox 752 1753 876 1814; x_wconf 83' lang='lat' dir='ltr'><strong>precata·</strong></span> 
     </span>
     <span class='ocr_line' id='line_1_25' title="bbox 77 1810 878 1877; baseline 0.001 -15"><span class='ocrx_word' id='word_1_191' title='bbox 77 1810 172 1874; x_wconf 79' lang='lat' dir='ltr'><strong>himas,</strong></span> <span class='ocrx_word' id='word_1_192' title='bbox 183 1810 219 1872; x_wconf 82' lang='lat' dir='ltr'><strong>si,</strong></span> <span class='ocrx_word' id='word_1_193' title='bbox 238 1827 304 1877; x_wconf 80' lang='lat' dir='ltr'><strong>puae</strong></span> <span class='ocrx_word' id='word_1_194' title='bbox 315 1827 332 1862; x_wconf 86' lang='lat' dir='ltr'><strong>a</strong></span> <span class='ocrx_word' id='word_1_195' title='bbox 343 1819 368 1862; x_wconf 86' lang='lat' dir='ltr'><strong>te</strong></span> <span class='ocrx_word' id='word_1_196' title='bbox 378 1812 465 1864; x_wconf 81' lang='lat' dir='ltr'><strong>edocti</strong></span> <span class='ocrx_word' id='word_1_197' title='bbox 473 1829 572 1874; x_wconf 80' lang='lat' dir='ltr'><strong>sumus,</strong></span> <span class='ocrx_word' id='word_1_198' title='bbox 589 1829 621 1864; x_wconf 84' lang='lat' dir='ltr'><strong>ee</strong></span> <span class='ocrx_word' id='word_1_199' title='bbox 635 1815 751 1867; x_wconf 80' lang='lat' dir='ltr'><strong>omnium</strong></span> <span class='ocrx_word' id='word_1_200' title='bbox 762 1827 878 1866; x_wconf 75' lang='lat' dir='ltr'><strong>coarma-</strong></span> 
     </span>
     <span class='ocr_line' id='line_1_26' title="bbox 74 1875 877 1942; baseline 0.002 -14"><span class='ocrx_word' id='word_1_201' title='bbox 74 1876 122 1928; x_wconf 82' lang='lat' dir='ltr'><strong>sa‘n</strong></span> <span class='ocrx_word' id='word_1_202' title='bbox 136 1878 234 1928; x_wconf 72' lang='lat' dir='ltr'><strong>erunt!</strong></span> <span class='ocrx_word' id='word_1_203' title='bbox 250 1875 278 1927; x_wconf 83' lang='grc' dir='ltr'><strong>Ε</strong></span> <span class='ocrx_word' id='word_1_204' title='bbox 299 1884 412 1926; x_wconf 80' lang='lat' dir='ltr'><strong>anatem</strong></span> <span class='ocrx_word' id='word_1_205' title='bbox 425 1878 515 1928; x_wconf 77' lang='lat' dir='ltr'><strong>malim</strong></span> <span class='ocrx_word' id='word_1_206' title='bbox 525 1880 685 1942; x_wconf 76' lang='lat' dir='ltr'><strong>optimarum</strong></span> <span class='ocrx_word' id='word_1_207' title='bbox 695 1897 785 1934; x_wconf 79' lang='lat' dir='ltr'><strong>rerum</strong></span> <span class='ocrx_word' id='word_1_208' title='bbox 794 1879 877 1932; x_wconf 62' lang='lat' dir='ltr'><strong>aciem</strong></span> 
     </span>
     <span class='ocr_line' id='line_1_27' title="bbox 75 1892 877 2010; baseline 0.012 -21"><span class='ocrx_word' id='word_1_209' title='bbox 75 1943 127 2003; x_wconf 75' lang='lat' dir='ltr'><strong>tin,</strong></span> <span class='ocrx_word' id='word_1_210' title='bbox 143 1957 222 2009; x_wconf 75' lang='lat' dir='ltr'><strong>quam</strong></span> <span class='ocrx_word' id='word_1_211' title='bbox 236 1892 327 2008; x_wconf 51' lang='lat' dir='ltr'><strong>aplius</strong></span> <span class='ocrx_word' id='word_1_212' title='bbox 343 1949 370 1991; x_wconf 86' lang='lat' dir='ltr'><strong>et</strong></span> <span class='ocrx_word' id='word_1_213' title='bbox 379 1942 501 2007; x_wconf 77' lang='lat' dir='ltr'><strong>potentia</strong></span> <span class='ocrx_word' id='word_1_214' title='bbox 514 1943 607 1994; x_wconf 74' lang='lat' dir='ltr'><strong>ceteris</strong></span> <span class='ocrx_word' id='word_1_215' title='bbox 620 1946 762 2010; x_wconf 56' lang='lat' dir='ltr'><strong>ansano).</strong></span> <span class='ocrx_word' id='word_1_216' title='bbox 797 1947 877 1999; x_wconf 76' lang='lat' dir='ltr'><strong>Hace</strong></span> 
     </span>
     <span class='ocr_line' id='line_1_28' title="bbox 73 2007 877 2076; baseline 0 -14"><span class='ocrx_word' id='word_1_217' title='bbox 73 2009 162 2076; x_wconf 87' lang='lat' dir='ltr'><strong>igitur</strong></span> <span class='ocrx_word' id='word_1_218' title='bbox 172 2007 220 2058; x_wconf 89' lang='lat' dir='ltr'><strong>ille</strong></span> <span class='ocrx_word' id='word_1_219' title='bbox 233 2021 330 2073; x_wconf 85' lang='lat' dir='ltr'><strong>regum</strong></span> <span class='ocrx_word' id='word_1_220' title='bbox 341 2009 428 2073; x_wconf 86' lang='lat' dir='ltr'><strong>stirpe</strong></span> <span class='ocrx_word' id='word_1_221' title='bbox 439 2022 472 2059; x_wconf 90' lang='lat' dir='ltr'><strong>ae</strong></span> <span class='ocrx_word' id='word_1_222' title='bbox 484 2011 619 2074; x_wconf 88' lang='lat' dir='ltr'><strong>sanguine</strong></span> <span class='ocrx_word' id='word_1_223' title='bbox 635 2011 734 2064; x_wconf 88' lang='lat' dir='ltr'><strong>editus.</strong></span> <span class='ocrx_word' id='word_1_224' title='bbox 771 2012 877 2065; x_wconf 84' lang='lat' dir='ltr'><strong>Obscu-</strong></span> 
     </span>
    </p>
   </div>
   <div class='ocr_carea' id='block_1_8' title="bbox 74 2075 960 2140">
    <p class='ocr_par' dir='ltr' id='par_1_9' title="bbox 74 2075 960 2140">
     <span class='ocr_line' id='line_1_29' title="bbox 74 2075 960 2140; baseline -0.003 -10"><span class='ocrx_word' id='word_1_225' title='bbox 74 2075 187 2130; x_wconf 82' lang='lat' dir='ltr'><strong>rissime</strong></span> <span class='ocrx_word' id='word_1_226' title='bbox 204 2080 296 2126; x_wconf 90' lang='lat' dir='ltr'><strong>autem</strong></span> <span class='ocrx_word' id='word_1_227' title='bbox 310 2087 413 2140; x_wconf 80' lang='lat' dir='ltr'><strong>genere</strong></span> <span class='ocrx_word' id='word_1_228' title='bbox 427 2081 505 2127; x_wconf 88' lang='lat' dir='ltr'><strong>ortos</strong></span> <span class='ocrx_word' id='word_1_229' title='bbox 520 2089 601 2140; x_wconf 87' lang='lat' dir='ltr'><strong>quam</strong></span> <span class='ocrx_word' id='word_1_230' title='bbox 614 2075 718 2128; x_wconf 87' lang='lat' dir='ltr'><strong>multos</strong></span> <span class='ocrx_word' id='word_1_231' title='bbox 732 2077 876 2130; x_wconf 83' lang='lat' dir='ltr'><strong>nominare</strong></span> <span class='ocrx_word' id='word_1_232' title='bbox 956 2118 960 2127; x_wconf 75' lang='grc'>,</span> 
     </span>
    </p>
   </div>
   <div class='ocr_carea' id='block_1_9' title="bbox 73 2141 943 2740">
    <p class='ocr_par' dir='ltr' id='par_1_10' title="bbox 73 2141 943 2740">
     <span class='ocr_line' id='line_1_30' title="bbox 74 2141 876 2210; baseline 0.004 -17"><span class='ocrx_word' id='word_1_233' title='bbox 74 2156 235 2210; x_wconf 87' lang='lat' dir='ltr'><strong>possumus,</strong></span> <span class='ocrx_word' id='word_1_234' title='bbox 264 2155 335 2206; x_wconf 89' lang='lat' dir='ltr'><strong>quos</strong></span> <span class='ocrx_word' id='word_1_235' title='bbox 365 2155 448 2206; x_wconf 86' lang='lat' dir='ltr'><strong>supra</strong></span> <span class='ocrx_word' id='word_1_236' title='bbox 476 2155 572 2190; x_wconf 89' lang='lat' dir='ltr'><strong>omnes</strong></span> <span class='ocrx_word' id='word_1_237' title='bbox 600 2141 720 2194; x_wconf 78' lang='lat' dir='ltr'><strong>sarnitan</strong></span> <span class='ocrx_word' id='word_1_238' title='bbox 750 2141 876 2196; x_wconf 78' lang='lat' dir='ltr'><strong>fumosas</strong></span> 
     </span>
     <span class='ocr_line' id='line_1_31' title="bbox 74 2205 875 2274; baseline 0.004 -16"><span class='ocrx_word' id='word_1_239' title='bbox 74 2209 212 2274; x_wconf 87' lang='lat' dir='ltr'><strong>imagines</strong></span> <span class='ocrx_word' id='word_1_240' title='bbox 239 2205 351 2258; x_wconf 83' lang='lat' dir='ltr'><strong>litterae</strong></span> <span class='ocrx_word' id='word_1_241' title='bbox 379 2205 567 2258; x_wconf 86' lang='lat' dir='ltr'><strong>collocaruntl</strong></span> <span class='ocrx_word' id='word_1_242' title='bbox 602 2207 770 2260; x_wconf 85' lang='lat' dir='ltr'><strong>Obstetrieis</strong></span> <span class='ocrx_word' id='word_1_243' title='bbox 800 2209 875 2261; x_wconf 84' lang='lat' dir='ltr'><strong>tilius</strong></span> 
     </span>
     <span class='ocr_line' id='line_1_32' title="bbox 76 2271 874 2338; baseline 0 -10"><span class='ocrx_word' id='word_1_244' title='bbox 76 2281 137 2328; x_wconf 86' lang='lat' dir='ltr'><strong>erat</strong></span> <span class='ocrx_word' id='word_1_245' title='bbox 156 2273 296 2325; x_wconf 85' lang='lat' dir='ltr'><strong>Socrates.</strong></span> <span class='ocrx_word' id='word_1_246' title='bbox 332 2271 402 2324; x_wconf 87' lang='lat' dir='ltr'><strong>Num</strong></span> <span class='ocrx_word' id='word_1_247' title='bbox 418 2273 505 2338; x_wconf 89' lang='lat' dir='ltr'><strong>igitur</strong></span> <span class='ocrx_word' id='word_1_248' title='bbox 519 2287 553 2324; x_wconf 90' lang='lat' dir='ltr'><strong>eo</strong></span> <span class='ocrx_word' id='word_1_249' title='bbox 567 2272 725 2326; x_wconf 79' lang='lat' dir='ltr'><strong>Alcibiades</strong></span> <span class='ocrx_word' id='word_1_250' title='bbox 740 2274 874 2329; x_wconf 68' lang='lat' dir='ltr'><strong>nobiliori</strong></span> 
     </span>
     <span class='ocr_line' id='line_1_33' title="bbox 74 2339 943 2407; baseline -0.002 -15"><span class='ocrx_word' id='word_1_251' title='bbox 74 2340 216 2407; x_wconf 82' lang='lat' dir='ltr'><strong>Euripidis</strong></span> <span class='ocrx_word' id='word_1_252' title='bbox 226 2345 341 2390; x_wconf 89' lang='lat' dir='ltr'><strong>matrem</strong></span> <span class='ocrx_word' id='word_1_253' title='bbox 353 2339 501 2391; x_wconf 84' lang='lat' dir='ltr'><strong>vendendis</strong></span> <span class='ocrx_word' id='word_1_254' title='bbox 512 2340 634 2396; x_wconf 87' lang='lat' dir='ltr'><strong>oleribus</strong></span> <span class='ocrx_word' id='word_1_255' title='bbox 643 2342 728 2393; x_wconf 81' lang='lat' dir='ltr'><strong>vitans</strong></span> <span class='ocrx_word' id='word_1_256' title='bbox 737 2342 874 2395; x_wconf 78' lang='lat' dir='ltr'><strong>tolerasse</strong></span> <span class='ocrx_word' id='word_1_257' title='bbox 938 2381 943 2390; x_wconf 93' lang='lat'>.</span> 
     </span>
     <span class='ocr_line' id='line_1_34' title="bbox 73 2407 874 2474; baseline 0.001 -13"><span class='ocrx_word' id='word_1_258' title='bbox 73 2407 241 2473; x_wconf 84' lang='lat' dir='ltr'><strong>accepimus.</strong></span> <span class='ocrx_word' id='word_1_259' title='bbox 275 2408 309 2457; x_wconf 93' lang='lat' dir='ltr'><strong>At</strong></span> <span class='ocrx_word' id='word_1_260' title='bbox 322 2407 381 2474; x_wconf 87' lang='lat' dir='ltr'><strong>ipse</strong></span> <span class='ocrx_word' id='word_1_261' title='bbox 395 2413 424 2458; x_wconf 89' lang='lat' dir='ltr'><strong>et</strong></span> <span class='ocrx_word' id='word_1_262' title='bbox 433 2421 532 2474; x_wconf 85' lang='lat' dir='ltr'><strong>regum</strong></span> <span class='ocrx_word' id='word_1_263' title='bbox 544 2407 733 2462; x_wconf 83' lang='lat' dir='ltr'><strong>familiaritate</strong></span> <span class='ocrx_word' id='word_1_264' title='bbox 743 2425 809 2462; x_wconf 85' lang='lat' dir='ltr'><strong>usus</strong></span> <span class='ocrx_word' id='word_1_265' title='bbox 821 2419 874 2474; x_wconf 84' lang='lat' dir='ltr'><strong>est,</strong></span> 
     </span>
     <span class='ocr_line' id='line_1_35' title="bbox 75 2471 873 2543; baseline -0.001 -16"><span class='ocrx_word' id='word_1_266' title='bbox 75 2481 103 2528; x_wconf 91' lang='lat' dir='ltr'><strong>et</strong></span> <span class='ocrx_word' id='word_1_267' title='bbox 113 2476 154 2525; x_wconf 88' lang='lat' dir='ltr'><strong>ita</strong></span> <span class='ocrx_word' id='word_1_268' title='bbox 163 2473 254 2524; x_wconf 89' lang='lat' dir='ltr'><strong>clarus</strong></span> <span class='ocrx_word' id='word_1_269' title='bbox 269 2472 335 2535; x_wconf 85' lang='lat' dir='ltr'><strong>fuit,</strong></span> <span class='ocrx_word' id='word_1_270' title='bbox 345 2481 376 2524; x_wconf 92' lang='lat' dir='ltr'><strong>ut</strong></span> <span class='ocrx_word' id='word_1_271' title='bbox 389 2471 473 2526; x_wconf 91' lang='lat' dir='ltr'><strong>hodie</strong></span> <span class='ocrx_word' id='word_1_272' title='bbox 486 2477 575 2543; x_wconf 87' lang='lat' dir='ltr'><strong>magis</strong></span> <span class='ocrx_word' id='word_1_273' title='bbox 584 2474 735 2528; x_wconf 86' lang='lat' dir='ltr'><strong>Archelaus</strong></span> <span class='ocrx_word' id='word_1_274' title='bbox 751 2491 785 2527; x_wconf 88' lang='lat' dir='ltr'><strong>ex</strong></span> <span class='ocrx_word' id='word_1_275' title='bbox 796 2475 873 2526; x_wconf 79' lang='lat' dir='ltr'><strong>Euri·</strong></span> 
     </span>
     <span class='ocr_line' id='line_1_36' title="bbox 73 2540 872 2610; baseline 0.003 -18"><span class='ocrx_word' id='word_1_276' title='bbox 73 2542 160 2610; x_wconf 90' lang='lat' dir='ltr'><strong>pidis,</strong></span> <span class='ocrx_word' id='word_1_277' title='bbox 174 2555 255 2608; x_wconf 89' lang='lat' dir='ltr'><strong>quam</strong></span> <span class='ocrx_word' id='word_1_278' title='bbox 267 2540 414 2606; x_wconf 84' lang='lat' dir='ltr'><strong>Euripides</strong></span> <span class='ocrx_word' id='word_1_279' title='bbox 428 2557 464 2594; x_wconf 84' lang='lat' dir='ltr'><strong>ex</strong></span> <span class='ocrx_word' id='word_1_280' title='bbox 476 2542 605 2604; x_wconf 80' lang='lat' dir='ltr'><strong>Archelai</strong></span> <span class='ocrx_word' id='word_1_281' title='bbox 615 2543 810 2599; x_wconf 72' lang='lat' dir='ltr'><strong>familiaritate</strong></span> <span class='ocrx_word' id='word_1_282' title='bbox 824 2557 872 2594; x_wconf 93' lang='lat' dir='ltr'><strong>no·</strong></span> 
     </span>
     <span class='ocr_line' id='line_1_37' title="bbox 74 2608 872 2730; baseline 0.001 -68"><span class='ocrx_word' id='word_1_283' title='bbox 74 2613 177 2730; x_wconf 40' lang='lat' dir='ltr'><strong>reatui.</strong></span> <span class='ocrx_word' id='word_1_284' title='bbox 213 2609 420 2724; x_wconf 61' lang='lat' dir='ltr'><strong>lempanistria</strong></span> <span class='ocrx_word' id='word_1_285' title='bbox 437 2608 493 2665; x_wconf 80' lang='lat' dir='ltr'><strong>tuit</strong></span> <span class='ocrx_word' id='word_1_286' title='bbox 504 2609 650 2672; x_wconf 77' lang='lat' dir='ltr'><strong>Aeschinis</strong></span> <span class='ocrx_word' id='word_1_287' title='bbox 664 2618 767 2680; x_wconf 83' lang='lat' dir='ltr'><strong>mater,</strong></span> <span class='ocrx_word' id='word_1_288' title='bbox 779 2611 872 2674; x_wconf 77' lang='lat' dir='ltr'><strong>eham,</strong></span> 
     </span>
     <span class='ocr_line' id='line_1_38' title="bbox 100 2682 435 2740; baseline 0.003 -10"><span class='ocrx_word' id='word_1_289' title='bbox 100 2682 338 2740; x_wconf 46' lang='lat' dir='ltr'><strong>&amp;PmAuea</strong></span> <span class='ocrx_word' id='word_1_290' title='bbox 431 2717 435 2724; x_wconf 86' lang='lat'><em>-</em></span> 
     </span>
    </p>
   </div>
   <div class='ocr_carea' id='block_1_10' title="bbox 0 0 1078 3008">
    <p class='ocr_par' dir='ltr' id='par_1_11' title="bbox 0 0 1078 3008">
     <span class='ocr_line' id='line_1_39' title="bbox 0 0 1078 3008; baseline 0 0"><span class='ocrx_word' id='word_1_291' title='bbox 0 0 1078 3008; x_wconf 95' lang='lat' dir='ltr'><strong> </strong></span> 
     </span>
    </p>
   </div>
  </div>
 </body>
</html>
