2146 3008
372 186 524 240 oanrro
542 167 658 242 xxiv(
861 187 912 242 25³

112 289 261 358 incipereta
280 303 346 340 ecce
360 289 412 338 tibi
426 289 501 340 lenta
512 293 540 339 et
554 304 661 342 omnem
675 287 775 341 fallens
790 283 912 343 medico·
929 288 933 296 “
965 341 971 348 ,

112 371 173 407 rum
185 355 350 406 industriam
367 354 467 420 febris,
482 357 756 408 viresadoleaceutls
771 357 911 410 immorta-

113 421 192 473 litate
213 421 290 487 digni
305 427 334 472 et
347 425 404 473 nati
419 422 454 473 ad
467 423 677 490 relinquendum
692 423 816 474 omnibus
830 424 911 474 bonis

113 495 274 606 perpetuum
291 488 458 540 desiderium
471 493 527 552 sui,
546 493 587 540 ita
594 489 742 555 paullatim
760 491 866 540 attrivit
879 504 911 540 ac

126 554 305 614 abefactavit,
324 559 355 606 ut
368 558 402 607 ad
415 563 583 621 postremum
598 556 785 610 inevitabilem
801 557 827 606 ei
841 562 912 606 attu-

113 620 178 677 lerit
191 635 226 670 ex
243 618 296 672 huc
309 621 366 672 vita
380 624 517 689 migrandi
530 624 734 674 necessitatem.
771 622 850 683 Quod
864 621 910 672 ubi

114 687 299 756 percrebruit,
311 689 426 754 quitum
437 689 553 756 plangor
563 691 696 750 omnium,
709 703 778 756 quae
791 689 911 754 complo-

113 755 249 813 rationes,
272 768 342 820 quae
365 755 578 806 lamentationes
602 755 730 806 fuerunt'l
756 756 833 806 Alius
858 754 913 806 sibi

114 818 259 870 scindebat
284 820 425 884 capillum,
453 821 525 870 alius
546 821 688 871 lacerabat
710 835 810 886 genas,
841 823 914 872 aliua,

114 891 211 952 pectus
233 891 262 936 et
276 883 405 935 humeros
424 887 529 936 crebris
547 887 648 935 ictibus
670 888 844 951 verberabat3
863 887 911 938 alii

114 952 230 1004 interire
260 965 368 1000 amores
391 965 424 1000 ac
447 951 562 1001 delicias
586 949 707 1014 Galliae,
737 954 786 1002 alii
812 955 915 1005 cadere

68 1013 83 1030 ”
114 1018 242 1070 columen
266 1016 425 1081 religionis,
448 1017 498 1067 alii
511 1015 717 1067 catholicorum
742 1019 912 1084 praesidium

115 1084 212 1144 dejici,
232 1081 279 1131 alii
293 1081 359 1141 alia,
375 1095 444 1148 quae
459 1083 576 1133 diversis
590 1082 700 1133 diversa
715 1098 770 1134 non
788 1085 913 1136 diversus

115 1147 284 1214 suggerebat
300 1147 394 1209 dolor,
412 1148 609 1202 miserabiliter
622 1149 815 1214 querebantur.
850 1151 913 1215 lpse

114 1231 184 1268 unus
199 1214 341 1264 interritus
356 1221 384 1264 et
398 1215 566 1280 aequissimo
581 1216 670 1265 animo
686 1215 790 1264 exitum
803 1215 912 1267 divinae

113 1280 264 1342 voluntatis
285 1287 462 1346 exspectans,
483 1297 544 1332 cum
563 1287 691 1341 matrem,
711 1295 838 1343 uxorem,
858 1281 915 1333 lra-

112 1355 197 1410 uun,
212 1353 375 1414 ceterosque
391 1350 561 1415 propinquos
575 1347 608 1397 ad
619 1362 649 1397 se
661 1347 913 1410 convocariiussis·
955 1375 960 1389 ι

114 1424 171 1478 set,
191 1415 307 1482 primum
328 1413 437 1482 quidem
457 1419 641 1476 sacramenta,
668 1410 766 1480 quibus
784 1413 913 1464 morituri

62 1539 67 1550 Ι
113 1482 282 1552 praemuniri
303 1488 332 1532 et
348 1482 410 1532 Deo
432 1480 575 1537 conciliari
594 1480 697 1543 solent,
718 1479 810 1530 omnia
823 1485 852 1529 et
865 1493 913 1546 po·

114 1549 205 1616 poscit
215 1554 243 1599 et
258 1564 434 1616 magnacum
449 1547 533 1598 animi
546 1547 739 1598 summissione
755 1561 787 1596 ac
803 1545 912 1597 divinae

114 1610 268 1668 maiestatis
292 1618 471 1668 veneratione
490 1617 624 1682 suscepit3
644 1613 743 1666 deinde
762 1627 828 1664 vero
848 1627 913 1664 con·

49 1714 60 1724 κ
114 1687 245 1745 testatus,
274 1697 308 1732 eo
330 1690 436 1735 tantum
458 1682 512 1733 sibi
532 1683 678 1734 molestam
702 1695 763 1732 esse
784 1686 901 1731 mortem

779 1744 785 1760 0

116 1748 189 1816 quod
202 1747 316 1798 fratrem
331 1767 422 1812 suum,
437 1755 494 1800 tum
507 1749 657 1810 Poloniae,
670 1763 736 1798 mox
749 1754 831 1798 etrum
847 1746 889 1798 Ga
901 1774 912 1786 ·

114 1812 170 1868 liae
180 1829 277 1880 regem
293 1813 427 1878 futurum,
441 1816 563 1866 moriens
575 1816 721 1882 complecti
735 1830 789 1866 non
803 1819 911 1880 posset3

51 1939 62 1948 ,
116 1881 260 1943 ceteroqui
283 1879 404 1942 gaudere
426 1893 469 1936 se,
493 1880 567 1942 quod
589 1887 694 1932 tantum
721 1894 913 1938 successorem

116 1945 259 1996 habiturus
270 1950 355 2004 esset,
369 1943 447 1992 cuius
458 1944 591 2008 singulari
608 1954 636 1994 ct
647 1952 692 1995 tot
700 1949 754 1996 iarn
766 1947 912 2009 documen7

115 2013 153 2062 tis
174 2007 354 2075 comprobata
371 2011 486 2070 virtute,
506 2024 561 2059 non
575 2009 714 2060 dubitaret
727 2011 800 2070 fore,
820 2019 913 2063 utres
931 2045 934 2054 ‚

116 2077 241 2131 Gallicae
256 2073 378 2126 feliciter
393 2071 634 2140 conrponerentur3
652 2077 760 2125 interea
779 2075 914 2128 obtestari

115 2150 198 2210 atque
209 2143 357 2192 obsecrare
370 2147 500 2201 matrem,
519 2147 549 2190 ut
559 2144 638 2206 regni
653 2141 840 2206 gubernacula
853 2155 914 2194 sua·

116 2213 237 2275 ciperet,
263 2220 371 2272 quaque
392 2205 539 2272 prudentia
559 2220 673 2272 regnum
693 2206 746 2256 sibi
766 2213 808 2257 tot
827 2223 914 2259 annos

116 2277 324 2333 conservasset,
348 2273 443 2324 eadem
462 2270 542 2323 fratri
561 2289 611 2323 suo
632 2278 822 2336 conservaret,
850 2289 913 2326 scae

116 2344 171 2395 iam
190 2348 256 2392 tunc
271 2353 377 2390 omnem
393 2344 560 2405 potestatem
572 2354 602 2390 re
624 2341 677 2391 'am
690 2339 717 2389 in
732 2353 805 2400 eam,
825 2355 913 2406 usque
943 2360 950 2372 =

116 2409 152 2462 ad
168 2407 262 2458 fratris
281 2404 413 2468 reditum,
431 2405 594 2470 transfer-rm
633 2407 719 2458 ortari
740 2414 862 2468 ceteros,
883 2413 914 2459 ut

115 2477 203 2542 ipsius
213 2475 339 2539 primum,
351 2471 450 2522 deinde
461 2470 564 2536 fratris,
575 2489 636 2524 cum
646 2472 816 2534 revertisset,
827 2471 913 2539 impe·

114 2544 163 2594 rio'
177 2545 301 2592 auranter
319 2553 352 2588 ac
372 2539 494 2599 fideliter
511 2540 745 2606 obtemperarent3
762 2539 912 2607 praecipue

116 2614 219 2670 autem,
233 2605 343 2673 nequid
353 2621 388 2656 un
408 2621 471 2656 uam
484 2607 559 2672 prius
569 2613 617 2658 aut
628 2608 767 2676 antiquius
778 2603 913 2658 haberent

117 2675 329 2730 conservatione
356 2674 510 2726 catolicae
532 2673 690 2744 religionis;
718 2688 753 2726 ex
778 2688 812 2726 ea
838 2672 914 2724 bona
