2146 3008
329 147 482 238 ounrro
500 159 618 240 xxur.
826 185 877 241 raa

7 319 8 328 ι
75 287 169 339 divino
189 285 226 338 ed
242 281 293 338 'eas
305 287 481 353 potissimum
496 293 572 342 artes
585 287 708 341 animust
718 285 878 354 appelletis,-

74 355 188 422 quibus,
203 355 261 405 sire
274 355 335 420 quis
345 354 494 404 utilitatem
507 361 654 422 sequatur,
668 353 738 405 nihil
752 355 878 406 fructuo-

74 421 133 470 sius
139 456 148 483 ,
158 421 217 471 sive
228 420 457 483 oblectationem,
468 420 539 472 nihil
549 422 661 472 suavius
671 436 705 472 ac
715 420 878 482 iucundius,

74 487 133 538 ⁸³⁰
153 486 878 607 ii‘alictiililii“rililnrlllllltilll
904 499 913 505 ’

74 559 245 672 Ζὲιιιῖὓὶίεἰιιι
259 623 376 686 reperiri
385 627 489 688 potest.
519 621 592 674 ‘biam
602 621 628 672 si
639 627 747 674 veteres
757 591 813 683 illi,
828 619 888 686 qui,

7 739 8 746 χ
75 699 171 736 errore
190 685 266 738 ducti
283 688 378 754 plores
397 703 460 740 esse
479 687 556 740 Deos
577 687 773 754 opinabantur,
794 701 877 754 quem

7 755 8 762 ’
75 753 175 819 coique
195 766 291 804 eorum
310 755 384 805 diem
397 759 607 815 consecrarant,
628 768 661 805 co
677 755 775 809 laudes
787 755 875 821 ipsius

69 832 292 870 commemorare
310 831 343 870 ac
363 821 511 874 concinere
531 819 672 880 solebant,
691 822 779 872 multo
793 819 876 872 nobis

73 887 279 938 iustiorceussa
289 893 341 948 est,
347 885 503 952 quicunque
512 885 611 936 iisdem
616 885 876 941 honestissimarum

74 954 175 1004 artium
184 951 379 1016 studiis,quasi
390 951 651 1016 quibusdamsoeris
658 951 762 1004 initiati
769 969 875 1015 sumus,

74 1035 136 1071 cum
146 1016 191 1068 lric
202 1018 283 1068 nobis
293 1017 499 1068 mmiversarius
509 1017 580 1079 dies,
588 1017 726 1070 maiorum
736 1019 876 1084 sapientia

75 1094 104 1138 ct
122 1085 289 1135 auctoritate
310 1083 345 1133 ad
363 1083 548 1134 intermissam
567 1092 617 1150 per
638 1082 746 1149 aliquot
764 1098 874 1138 memes

75 1155 169 1204 eorum
180 1149 409 1202 exercitationem
419 1149 454 1199 de
464 1150 574 1216 integro
584 1151 762 1215 repetendam
772 1151 875 1204 consti·

73 1223 152 1270 tutus
167 1217 217 1277 sit,
238 1229 287 1266 cur
300 1215 334 1266 ab
347 1227 443 1266 earum
457 1215 695 1266 commendatione
709 1217 876 1282 principium

77 1285 179 1335 ducere
190 1281 339 1332 debeamus
349 1295 451 1348 easque
462 1281 614 1345 celebrere,
625 1297 693 1348 quas
703 1283 784 1333 nobis
795 1283 876 1334 vicis·

7 1349 17 1374 ⁶
78 1351 130 1402 sim
149 1347 254 1416 aliquid
274 1349 444 1400 celebritatis
467 1347 600 1400 allaturas
619 1363 682 1399 esse
701 1348 876 1400 conlidimus.

71 1405 239 1469 'ltleminisse
258 1421 351 1466 autem
371 1416 516 1479 debemus,
535 1417 638 1467 iccirco
658 1412 731 1466 lrunc
752 1420 878 1468 :anctore

78 1491 161 1550 atque
176 1488 328 1600 'suffuratum
341 1483 433 1563 locum
444 1482 480 1534 ad
493 1481 563 1534 hanc
576 1497 635 1562 rem
648 1481 787 1534 delectum
803 1495 877 1544 esse,

77 1558 109 1602 ut
128 1553 157 1600 et
174 1563 203 1598 ιιι
232 1549 366 1601 audendis
381 1551 487 1602 artibus
505 1549 596 1602 Deum
613 1563 704 1616 ipsum
723 1548 877 1612 laudemus,

78 1617 134 1685 qui,
146 1615 242 1667 utalia
253 1619 344 1668 omnia
355 1618 438 1686 bona,
448 1619 489 1670 ita
497 1631 546 1670 ees
557 1631 666 1686 quoque
677 1615 818 1668 bominum
828 1630 877 1682 ge·
962 1620 977 1630 ''

77 1683 139 1735 neri
157 1683 247 1747 dedit,
267 1690 296 1735 ct
327 1686 419 1738 ubliee
434 1691 623 1738 contestemur
639 1699 672 1735 ao
705 1685 877 1747 rofiteamur,

76 1747 170 1801 studio
193 1751 286 1802 omnia
308 1700 474 1820 fabor-esque
497 1759 610 1806 nostros
631 1758 659 1803 et
704 1766 738 1802 eo
761 1757 877 1802 auctore

77 1822 160 1884 atque
174 1819 287 1882 auspice
305 1820 425 1885 suscipi,
445 1825 474 1869 et
490 1819 527 1868 'ad
545 1820 632 1884 ipsius
654 1819 785 1886 gloriam,
809 1824 876 1870 tam·
902 1845 904 1851 ι

76 1885 157 2000 ᾳὲιῖαιιι
168 1881 209 1962 ,ιιι
219 1883 300 1954 linem
308 1884 390 1936 nobis
401 1884 527 1948 omnibus
536 1887 683 1954 praecipue
692 1887 876 1954 propositum,
889 1937 893 1946 ,

76 1964 90 1999 ι·
121 1961 186 1998 errr.
661 1965 664 1972 ·

110 2012 189 2064 Unde
199 2012 297 2080 igitur,
313 2013 341 2062 in
352 2019 429 2064 tanta
439 2025 548 2077 eorum,
563 2027 674 2082 quaese
685 2018 719 2068 ad
729 2017 877 2068 dicendum

78 2079 296 2146 offerunt,copia
305 2081 478 2146 potissimum
490 2081 636 2132 exordinari
650 2083 691 2132 dn
702 2083 736 2132 ab
747 2097 792 2146 eo,
802 2083 878 2150 quod

78 2162 187 2216 semper
197 2147 269 2212 opud
283 2147 461 2213 merissimol
476 2161 601 2215 quosque
611 2149 804 2214 gravissinmm
813 2150 877 2212 luit,

77 2215 252 2281 antiquitatis
267 2213 445 2264 testimonio!
460 2213 541 2274 uuae
556 2229 617 2264 oum
630 2219 705 2264 artes
720 2225 815 2268 omnes
828 2216 877 2268 bo·
932 2225 934 2229 ’

77 2295 130 2332 nae
141 2281 205 2342 sint,
218 2307 249 2318 -
260 2293 322 2331 nam
333 2280 358 2331 si
369 2293 439 2347 quoe
450 2281 540 2335 malae
550 2286 624 2331 artes
635 2279 772 2342 dicuntur,
783 2281 878 2333 imme·

76 2349 132 2400 rito
144 2347 185 2398 eis
196 2348 295 2398 ortium
305 2361 406 2398 nomen
413 2347 554 2411 tribuitur,
562 2375 595 2386 -
604 2346 653 2398 lraa
664 2351 877 2401 tamennostms

78 2414 191 2482 proprio
211 2427 243 2464 oc
265 2415 400 2482 peculiari
421 2415 532 2466 nomine
553 2415 641 2466 bonne
661 2419 735 2464 ortes
756 2415 876 2476 vocarit,

78 2479 246 2546 easdemque
274 2488 349 2534 artes
366 2483 516 2549 ingenuas,
540 2488 614 2534 artes
633 2479 778 2543 liberales,
803 2481 877 2548 quod

78 2548 149 2599 alias
164 2553 211 2598 out
221 2562 238 2598 a
250 2550 338 2601 serris
355 2555 405 2601 aut
416 2549 449 2600 ab
461 2548 620 2601 hominibus
632 2547 729 2602 servili
742 2547 877 2616 praeditis

76 2615 195 2682 ingenio
210 2617 347 2680 exerceri,
369 2615 419 2669 has
440 2631 508 2668 ninas
529 2617 563 2668 ab
579 2618 609 2670 in
632 2617 717 2668 enois·
729 2629 762 2666 ac
777 2615 877 2666 liberis

78 2682 171 2734 excoli
194 2692 409 2752 eopsentaneum
430 2684 576 2738 iudicaret.
659 2685 685 2736 'n
707 2685 794 2738 etium
816 2697 876 2733 omn
