2146 3008
193 181 242 240 19²
478 183 630 236 ORATIO
648 183 758 266 xylll.

160 297 167 338 ·,
191 293 309 348 taturo,
318 291 350 338 ut
358 284 461 338 rationi
471 290 499 336 et
506 286 638 352 aequitati
649 285 765 337 maxime
774 285 992 341 consentaneum

94 361 100 366 '
191 355 342 406 rideretur.
379 353 450 413 Quin
472 355 570 416 etiam,
592 360 623 403 ut
642 354 746 403 maiore
766 353 854 406 divini
871 359 990 408 numinis

192 427 269 472 metu
287 413 535 486 perfunderentur,
564 419 724 470 iudicabant
751 420 780 470 in
807 419 872 472 loco
900 437 991 475 sacro.

193 486 323 548 Quamvis
333 487 405 536 enim
411 485 487 536 Deus
499 485 625 536 omnibus
633 485 704 536 locis
712 499 844 551 praesens
855 494 907 551 est,
919 491 990 540 eius·

193 568 259 620 que,
270 559 301 604 ut
310 553 351 601 ait
360 553 501 615 Arataei),
520 550 704 618 omniaplena
713 558 788 614 sunt,
804 553 833 602 in
846 569 989 606 consecra*-

192 621 230 670 tis
241 618 412 669 tamenlocis
426 619 516 685 magis
530 632 625 670 omncs
639 619 734 670 nescio
750 633 804 684 quo
818 621 902 672 modo
914 621 989 674 illius

193 681 352 754 praebentia
373 699 585 736 commovemur.
618 685 707 750 Atque
725 683 796 736 hanc
814 689 989 739 consuetudi·
1050 697 1053 702 ’

194 767 258 802 nem
276 750 493 817 antiquissimam
509 749 611 813 fuisse,
630 752 768 802 Homerus
788 753 923 816 ostendit,
943 755 991 821 qul

113 855 115 866 .
194 818 302 870 iudices
312 817 339 866 in
349 815 464 868 Achillis
476 817 576 883 clypeo
587 817 710 884 sculptos
724 825 753 868 et
762 831 843 871 senes
853 819 941 871 luisse
952 822 991 870 ait

196 891 225 934 et
238 884 268 933 in
282 869 415 935 sedilihus
431 883 548 948 lapideis
562 898 642 936 sacro
656 886 684 935 in
695 884 759 937 loco
773 885 946 938 consedisse:
965 883 991 937 oi

114 996 116 1001 ,
194 951 222 1002 ai
230 950 359 1020 γέροντες,
368 951 513 1017 inquit**),

304 1031 381 1087 Etm’
394 1033 439 1086 tut
449 1034 555 1092 ξεστοῖσι
563 1031 650 1092 itanu
660 1031 719 1103 irppi
728 1031 765 1086 iri
774 1032 864 1102 sdsip.

228 1115 340 1168 Summa
356 1123 449 1169 autem
461 1119 490 1168 in
505 1131 538 1167 eo
553 1115 710 1170 adhibenda
722 1117 867 1186 diligentia
885 1124 940 1180 est,
959 1125 991 1170 ut

194 1183 329 1234 tollantur
349 1199 445 1239 omnes
466 1184 640 1246 occasiones,
662 1199 730 1252 quae
746 1192 862 1252 possunt
880 1187 989 1237 efficere

196 1251 316 1318 aliquem
329 1252 413 1302 animi
425 1258 542 1313 motum,
556 1266 611 1318 quo
625 1252 709 1302 iudex
720 1253 873 1304 abducatur
884 1267 900 1302 a
913 1266 990 1303 vero.

196 1315 266 1367 Nem
276 1317 395 1385 quotide
407 1333 500 1370 amore
511 1320 552 1369 ait
562 1317 740 1386 Theocritus,
752 1321 848 1386 pulcra
858 1320 883 1371 ci
892 1317 992 1382 rideri,

197 1397 268 1451 quae
278 1383 374 1450 pulcra
386 1400 440 1436 non
457 1391 532 1448 sunt,
547 1385 621 1436 idem
634 1384 761 1436 absolute
773 1386 806 1436 de
819 1393 880 1438 toto
894 1385 993 1441 talium

197 1453 412 1503 commotionum
426 1466 527 1520 genere
543 1451 598 1501 dici
610 1456 712 1517 potest:
730 1458 814 1516 prout
824 1453 939 1518 quisque
953 1449 994 1502 al·

197 1514 288 1569 foetus
299 1525 351 1580 est,
360 1519 401 1568 ita
410 1532 454 1568 res
464 1519 563 1579 eisffli
574 1517 642 1566 alies
654 1521 736 1580 atque
745 1516 815 1566 alias
825 1517 922 1568 rideri.
945 1520 994 1569 Ar·

154 1579 156 1586 “
216 1585 297 1646 uatis,
309 1583 452 1644 aitVarro,
463 1589 492 1632 et
500 1581 655 1632 veternosis
667 1580 758 1628 omnia
767 1580 843 1630 lutea
852 1581 995 1649 ridentum

173 1655 175 1660 ’
196 1597 419 1702 debricitsntibus
440 1661 543 1708 amara,
559 1657 628 1710 quae
643 1643 744 1706 dulcia3
763 1645 846 1696 oliter
864 1649 996 1703 omnibus

197 1715 232 1766 de
250 1717 333 1766 rebus
348 1712 429 1770 ebrii,
444 1712 525 1761 aliter
540 1709 628 1761 sobrii
638 1709 770 1760 iudicant.
805 1709 881 1760 Idem
894 1719 996 1776 putan-

116 1795 119 1803 ¹
197 1781 261 1832 dum
281 1786 325 1832 est
343 1779 452 1828 evenire
470 1777 506 1826 iis
526 1773 666 1838 omnihus,
685 1790 799 1841 quorum
818 1777 924 1828 animus
945 1791 997 1836 aus

197 1860 290 1908 amore
310 1849 358 1894 aut
376 1842 441 1892 odio
461 1849 509 1894 aut
519 1843 562 1894 ira
579 1842 794 1907 autinvidentis
812 1850 861 1896 aut
872 1845 994 1916 denique
1058 1863 1059 1888 ³

120 1915 126 1934 '
197 1911 289 1975 aliquo
305 1908 389 1960 naas
403 1916 554 1977 occupatus
569 1916 620 1962 est.
652 1911 764 1963 llocent
780 1909 952 1981 philosophi,
968 1919 995 1972 si

194 1990 293 2027 seusus
314 1974 449 2027 derebus
470 1978 524 2029 sibi
544 1979 661 2031 obiectis
674 1992 740 2032 rere
753 1979 925 2032 iudicaturus
944 1981 991 2046 sit,

195 2048 326 2124 oportere
344 2044 434 2109 ipsum
452 2045 591 2097 sentiendi
612 2047 834 2108 instrumentum,
853 2048 928 2113 quod
947 2049 993 2100 illi
1058 2071 1059 2090 r

194 2108 369 2179 αισθητὴριον
383 2117 495 2176 vocant,
516 2111 625 2174 ἄποιον,
643 2112 673 2163 id
690 2119 744 2174 est,
759 2115 833 2164 omni
848 2115 991 2181 qualitate,

194 2189 290 2228 earum
309 2177 407 2228 saltem
428 2179 462 2230 de
484 2181 582 2246 quibus
600 2179 777 2232 iudicandum
796 2187 854 2242 est,
866 2187 992 2237 'vacuum

113 2299 130 2318 Ι
194 2257 267 2297 esse.
303 2244 349 2298 Sic
359 2251 388 2298 et
396 2245 495 2310 iudicis
506 2247 735 2300 animmninsola
744 2247 861 2300 veritate
871 2247 991 2301 defixum

187 2363 194 2374 '
243 2360 254 2385 ¹
282 2361 475 2408 Phaenomvm.

231 2415 253 2443 *¹
280 2417 347 2462 Iliad.
355 2417 501 2462 revulsos.

224 2471 268 2528 m)
284 2471 379 2524 Nescio,
395 2473 463 2529 qnare
477 2475 579 2518 Muretus
595 2475 620 2518 in
633 2473 843 2528 narglns'allinm
862 2471 884 2516 ei
901 2473 993 2520 scribet.

198 2529 290 2573 Centies
308 2531 367 2573 enim
382 2530 432 2588 quis
446 2545 473 2572 ue
486 2544 534 2573 eum
548 2530 631 2585 plurali
647 2531 790 2574 construitur.
818 2529 878 2571 Vide
888 2529 994 2572 brenen-

196 2586 318 2630 honborch.
333 2588 362 2630 ed
372 2589 422 2630 Liv.
456 2591 506 2629 .22.
521 2587 610 2636 liuhais.
622 2589 720 2632 Videtur
737 2590 811 2629 nutem
821 2586 903 2628 iduret.
913 2584 934 2626 et*
946 2597 992 2626 ms·

197 2639 275 2692 luisse,
287 2643 344 2695 quod
355 2641 450 2685 alterurn
460 2655 505 2687 uon
513 2643 725 2699 reprehendentium
734 2642 824 2697 quidem
833 2645 892 2692 eret,
903 2641 942 2684 sed
949 2641 993 2682 mi·
1058 2679 1059 2684 ,

197 2709 240 2740 atu
251 2697 429 2742 Ciceronianam
