2154 3002
190 146 220 194 ro
497 125 696 196 onr'rror.¹

186 257 293 296 summa
306 243 529 310 capitatribuere
544 242 641 306 liceat,
655 257 749 296 eorum
765 246 856 312 prius,
866 259 937 313 quae
946 247 983 300 ad

101 325 106 334 ·
187 310 291 361 cultum
304 311 437 371 numinia,
451 311 604 374 posterius,
617 325 688 376 quae
703 310 881 364 adtuendam
893 311 981 366 homi·

185 385 250 428 num
268 379 342 428 inter
359 391 390 427 ee
409 376 573 426 societatem
592 377 745 442 pertinent,
763 381 857 430 omnic
875 393 982 432 summa
1016 413 1019 418 ·

186 443 324 494 brevitate
335 441 535 508 complectitur.
570 443 659 508 ,itque
670 440 732 494 hinc
742 443 788 496 rel
798 445 923 512 inprimis
934 461 981 498 na-

185 515 265 560 turae
278 515 391 560 nostrae
407 507 627 560 imbellicitatem
641 509 709 561 lieet
725 525 891 578 agnoscere,
924 513 982 564 uod

115 608 117 612 -
186 589 248 626 cum
257 589 347 640 pauca
359 573 507 625 admodum
521 589 608 642 eaque
625 581 722 642 suapte
736 584 836 629 natura
846 577 901 630 feci
928 579 934 592 '
964 594 979 630 a

185 646 336 709 praecepta
356 640 423 702 sint,
446 651 556 707 semper
576 646 669 694 tamen
688 642 847 696 deficiamus
867 645 978 710 alicubi,

185 721 275 773 neque
290 721 407 773 unquam
421 706 549 758 stabilem
561 707 782 776 inoffensumquc
798 725 906 762 cursum
919 725 979 779 per·
1072 773 1073 776 Ἴ

185 775 467 840 petuorctineamua«
492 774 786 843 Tremeiactusitaque
797 780 979 846 comparatio·

186 854 221 892 ne
239 840 361 890 sulcum
380 839 485 914 divinis!
497 844 654 906 praeceptis
673 843 794 906 animus,
818 843 928 896 Christo
947 857 978 898 ee

183 905 311 973 indigere
322 908 481 972 cognoscit,
499 909 527 958 in
537 908 615 962 euius
626 909 714 960 einum
729 908 884 978 confugiat,
899 910 977 961 cuiue
1061 941 1062 944 =

183 987 215 1024 ee
227 973 330 1023 viribus
341 971 484 1040 provehat,
495 972 545 1024 sub
555 975 634 1025 cuiue
643 975 777 1037 bonitate,
788 983 837 1028 tan
855 991 917 1028 uam
927 975 977 1028 elib

185 1039 342 1090 lirnrissimo
353 1039 446 1106 aliquo
457 1039 566 1118 clypeo,
576 1047 652 1092 tutus
662 1041 699 1092 ab¹
706 1042 751 1103 iio,
762 992 978 1160 quaeffcgelpro·

204 1107 277 1158 coita
286 1113 362 1168 aunt,
380 1106 524 1172 cupplrciis
535 1107 691 1169 delitescat,
701 1114 732 1158 ut
742 1110 895 1160 rectissime
931 1123 977 1160 au·
1070 1161 1073 1167 ,

183 1121 254 1237 Pom)
265 1173 355 1240 legem
367 1174 569 1291 paedagoffium,
580 1175 626 1240 qui
636 1189 687 1226 noe
696 1175 782 1227 veluti
790 1190 873 1228 manu
881 1189 977 1242 appro·
1071 1195 1073 1200 ’

184 1237 287 1292 heneoe
301 1239 367 1290 auc
387 1241 485 1291 rietum
514 1241 658 1303 educeret,
671 1242 828 1294 nominasse
840 1241 975 1301 videatur.

182 1305 236 1360 Eat
246 1321 319 1359 nunc
336 1305 476 1357 Lucienus
499 1307 612 1374 aliquis:
637 1307 771 1375 perfricet
786 1307 920 1371 frontem,
947 1311 976 1357 et
1072 1317 1073 1320 ’

183 1373 260 1425 dicat
274 1373 358 1424 ullam
371 1387 432 1424 eene
446 1373 551 1441 legem,
570 1389 641 1442 quae
655 1388 716 1426 cum
728 1374 781 1426 hae
793 1375 856 1442 lege
870 1373 976 1424 ulla‘ex

121 1487 124 1491 .
184 1447 262 1508 parte
281 1441 434 1506 comparari
455 1447 547 1508 queat.
583 1441 656 1502 Quid
668 1442 755 1494 enimi
774 1442 862 1503 Quae,
886 1439 976 1491 Deum

182 1505 377 1567 immortalem,
396 1513 526 1572 portenta
544 1507 571 1558 in
588 1508 713 1561 omnibus
733 1510 843 1560 omnino
857 1507 975 1576 legibus,
994 1557 1001 1576 x
1057 1509 1058 1514 ’

183 1574 215 1622 ei·
229 1575 263 1624 ab
283 1569 335 1624 hac
354 1573 532 1637 discerneris,
555 1575 741 1639 reperiuntur!
763 1576 884 1636 Quarum
903 1573 975 1626 aliae

181 1637 269 1705 furta,
290 1640 361 1692 aliae
379 1640 528 1702 adulteria,
550 1639 623 1689 aliae
634 1641 717 1691 etiarn
735 1643 869 1708 quaedam
887 1640 974 1691 multo

181 1708 308 1772 turpiora
325 1707 498 1776 permittunt,
518 1711 549 1755 ut
566 1704 636 1756 nihil
653 1721 740 1772 paene
757 1715 813 1760 tam
830 1716 910 1775 turpe
929 1705 976 1768 eit,
1067 1751 1073 1764 ,

182 1772 258 1842 quod
276 1789 332 1824 non
352 1774 499 1840 legislator
512 1770 550 1822 ali
570 1772 613 1822 uie
634 1772 720 1824 licere
732 1774 861 1830 voluerit.
895 1771 977 1824 lianc
1072 1777 1073 1782 ’

180 1855 249 1892 vero
263 1839 481 1907 sapientissimus
495 1838 543 1888 ille
586 1853 662 1900 oses,
676 1855 731 1894 non
747 1841 837 1892 alone
857 1837 976 1906 quodam

158 1911 174 1938 f
182 1907 385 1968 commentitio,
398 1913 429 1959 ut
441 1907 546 1966 Minos;
567 1921 622 1955 non
632 1905 666 1956 ab
675 1907 817 1973 Apolline,
832 1913 862 1956 ut
871 1905 976 1971 Lycur·

181 1989 245 2042 gum
262 1990 317 2025 non
327 1974 361 2026 ab
370 1973 502 2040 Aegeria,
513 1977 544 2023 ut
553 1969 654 2036 Numa;
673 1972 723 2024 scd
733 1973 768 2023 ab
778 1987 826 2035 eo,
840 1972 886 2038 qui
898 1971 977 2022 solue

180 2041 304 2093 rcriDei
318 2041 429 2092 nomine
443 2037 597 2102 censendus
613 2044 668 2099 est,
686 2040 739 2090 sibi
749 2053 798 2106 per
810 2053 907 2089 manua
919 2045 976 2088 tra·
1072 2071 1073 2082 ,

181 2107 267 2159 ditam
281 2107 403 2172 accepit,
424 2106 465 2156 ita
481 2105 602 2156 numeris
618 2106 743 2157 omuibus
757 2105 923 2163 absolutam,
943 2109 976 2154 ut
1072 2133 1073 2140 κ

181 2173 252 2226 nihil
273 2189 363 2291 ιιοιὲιιο
386 2173 525 2224 immutari
546 2185 636 2239 nequo
656 2172 740 2224 adiici
757 2185 846 2238 neque
866 2166 976 2222 detrahi
1072 2189 1073 2198 =

180 2242 279 2306 possit.
336 2239 371 2290 ed
383 2245 533 2300 eatamcn,
548 2238 590 2288 uti
600 2247 681 2290 antea
692 2239 764 2300 dixi,
777 2237 902 2288 morbum
917 2235 980 2304 qui-¹

180 2306 244 2358 dem
261 2311 387 2356 nostrum
401 2310 617 2356 commonstrare
630 2319 662 2356 ac
675 2305 807 2372 detegere
820 2301 901 2375 nobis
915 2307 976 2368 pot-

158 2375 237 2440 est:
257 2370 397 2436 depellere
408 2369 850 2438 eundcmacsanarenonpotest.
883 2369 979 2424 Morbi

180 2445 273 2491 autem
292 2437 420 2504 cognitio
436 2451 563 2503 magnam
583 2451 617 2488 ea
629 2438 739 2505 quidem
752 2440 806 2490 vim
818 2438 979 2490 maxisnun·

180 2519 234 2572 que
248 2511 417 2558 momentum
428 2503 463 2556 ad
475 2504 548 2554 vires
560 2505 762 2570 recuperandas
773 2504 870 2568 habet,
887 2516 978 2569 neque

180 2581 272 2625 tamen
286 2578 405 2636 tantum,
423 2579 454 2624 ut
472 2572 502 2623 in
514 2585 548 2622 ea
565 2572 657 2640 posita
674 2574 730 2626 sint
749 2575 849 2626 orinia,
872 2561 981 2638 ,Quare
1041 2635 1044 2642 Ι

206 2652 227 2704 ”)
243 2651 288 2708 Ep.
298 2651 327 2696 mi
337 2649 413 2696 Galat.
420 2649 467 2696 111.
477 2653 511 2695 m
838 2657 856 2745 f
