2156 3008
126 177 130 184 ’
165 191 217 252 124
423 171 674 247 'onnrroxn

164 297 268 350 blicam
293 293 522 414 protulissent*),
548 309 598 347 eos
632 308 772 412 nunpnam
797 306 970 362 magnopere

166 379 293 418 commen
312 370 386 425 atos,
406 377 489 430 saepe
508 363 593 414 etiam
609 376 691 430 repre
712 375 796 413 ensos
810 376 843 412 ac
862 364 971 430 vitupe-

165 437 243 483 ratos
262 430 360 482 fruere.
396 429 572 496 Quapropter
590 429 619 480 in
636 430 755 496 patriam
767 443 910 492 reversus,
929 437 971 492 ut,

110 543 115 552 „
167 511 238 566 quac
256 503 285 549 te
303 498 393 564 prime
410 497 476 548 urbs
496 500 655 548 nascentem
669 497 775 563 gremio
795 501 825 547 et
840 496 903 546 sinu
917 509 972 548 suo

170 569 330 630 exceperat,
351 562 450 614 eadem
467 578 579 630 quoque
596 565 701 629 primos
714 565 872 630 perciperet
892 562 972 614 indu·

166 631 254 684 striee
268 635 331 680 tuae
348 628 468 692 fructus,
487 645 543 681 non
555 636 661 681 tanmm
676 645 791 696 magnes
810 635 973 679 controver-

138 753 140 758 ,
168 697 322 758 siss„intsr
334 696 474 760 principes
489 697 611 748 civitatis
625 702 714 758 ortas,
729 711 791 747 cum
804 695 848 744 illi
857 702 886 745 te
897 709 973 746 com·

168 763 245 814 muni
263 775 402 813 consensu
414 762 535 813 iudicem
553 763 747 827 sumpsissent,
767 761 974 830 sapientissime

170 827 320 890 diremisti,
337 842 433 879 verum
455 831 540 880 etiem
559 829 665 880 sedetis
683 829 814 894 gravibus
828 828 886 878 illis
899 828 976 880 inter

168 895 348 948 Franciscum
360 893 501 958 Slortiem,
511 893 668 946 Mediolani
675 895 792 958 Ducem,
803 900 831 946 et
841 893 974 944 loannem

169 961 301 1013 lecchum
317 960 455 1013 Medicem
469 961 586 1013 fratrem
598 968 676 1012 tuum
689 962 853 1023 discordiis,
866 975 975 1027 pacem,

169 1041 276 1096 pacem,
285 1027 406 1095 inquom,
417 1043 471 1095 que
481 1027 553 1080 nihil
563 1027 712 1095 optabilius
723 1035 780 1092 est,
791 1027 861 1079 nihil
871 1027 975 1078 salnte-

170 1095 243 1157 rius,
259 1095 366 1147 civibus
378 1097 435 1146 tuis
449 1098 655 1161 insperantibus
673 1094 830 1147 reddidisti.
867 1094 891 1145 0
904 1092 976 1146 felix

172 1168 202 1214 et
220 1162 391 1230 suspicatum
405 1161 581 1229 principiuml
600 1163 780 1230 Oprneclare
794 1162 915 1231 positum
930 1175 976 1210 rn-

115 1241 119 1246 ·
172 1229 335 1282 dimentuml
355 1229 429 1290 Quid
445 1245 502 1281 non
516 1231 652 1282 bonorum
666 1229 700 1280 ab
715 1244 750 1280 eo
769 1242 883 1294 sperare
897 1233 977 1293 pote-

171 1302 235 1348 rant
248 1297 336 1359 cives,
355 1297 403 1363 qui
416 1297 531 1365 primum
545 1298 655 1348 virtutis
670 1310 737 1348 suae
785 1296 891 1346 ecimen
906 1307 977 1359 pace

173 1369 203 1418 et
220 1363 349 1429 privatim
369 1368 397 1414 et
415 1362 525 1429 puhlice
545 1377 607 1414 com
628 1361 737 1415 orrenda
777 1359 896 1410 edisseti
919 1358 979 1412 Sed

69 1483 75 1496 ,
171 1428 306 1484 videlicet
315 1430 364 1480 illa
373 1436 451 1480 tante
462 1431 551 1481 virtum
562 1441 695 1479 maiorem
705 1427 825 1490 aliquem
840 1437 976 1486 campum,

172 1497 268 1563 inquo
279 1497 495 1561 excurreret**),
509 1497 597 1546 maius
607 1492 753 1549 theatrum,
762 1490 790 1537 in
801 1502 858 1554 quo
867 1495 990 1552 spectu·=

172 1569 264 1625 retur,
273 1563 442 1630 requirebat.
476 1563 564 1611 Roma
574 1566 615 1620 te,
625 1559 712 1606 Roma
724 1553 832 1604 urbium
845 1553 976 1622 princeps

173 1629 230 1680 lem
243 1635 309 1680 tunc
326 1627 362 1679 ad
375 1641 405 1678 se
418 1626 548 1687 vocabat,
570 1631 598 1674 et
616 1621 668 1671 snb
682 1621 761 1672 cuius
776 1619 844 1670 olim
856 1621 976 1686 imperio

173 1695 259 1747 beuta
280 1694 374 1745 future
396 1696 468 1751 erat,
490 1690 550 1740 eius
572 1687 728 1753 praesentis
746 1686 877 1739 virtutem
895 1694 975 1742 tanto

175 1768 240 1814 ente
250 1766 406 1827 grutereec
415 1769 585 1820 cognoscere
593 1753 733 1821 cupiebat.
766 1753 977 1822 Romemigitur

174 1825 287 1885 venisti,
297 1823 346 1874 ubi
357 1821 468 1873 virtutis
478 1826 544 1872 tuae
558 1827 613 1871 tem
627 1820 715 1874 multa
731 1826 843 1889 tamque
852 1822 975 1874 luculen-

174 1889 376 1944 tetcstimonie
386 1893 415 1938 et
426 1901 494 1952 pace
505 1894 534 1939 et
543 1888 619 1940 hello
634 1888 750 1950 dedisti,
766 1895 798 1940 ut
813 1889 917 1942 Paulus
928 1888 975 1942 lll.

175 1957 208 2010 Ρ.
219 1956 269 2017 M„
287 1968 368 2022 quem
382 1960 411 2004 et
424 1969 519 2007 omnes
534 1957 702 2008 confitentur
715 1962 744 2007 et
759 1971 805 2008 res
815 1957 877 2023 ipse
887 1955 976 2023 loquiss

173 2029 232 2082 tur,
249 2035 310 2072 cnm
324 2021 355 2072 in
367 2021 469 2072 ceteris
481 2022 566 2075 rebus
578 2037 643 2073 rere
659 2023 776 2091 quadam
790 2029 820 2074 et
838 2024 978 2091 exquisita

174 2087 334 2156 prudentia,
355 2094 412 2139 tum
424 2089 494 2140 miro
510 2092 539 2140 in
557 2091 756 2157 pernoscendis
776 2088 917 2142 hominum
935 2089 976 2138 in·

165 2155 268 2223 *geniis
282 2155 408 2208 acumine
418 2162 447 2208 et
459 2159 594 2208 acerrimo
604 2157 633 2207 in
645 2157 832 2225 ponderandis
843 2156 975 2218 cuiusque
1044 2173 1047 2181 ·

175 2221 283 2274 meritis
303 2221 408 2274 iudicio
427 2225 583 2290 praeditum
597 2223 704 2286 luisse,
723 2239 785 2275 cuns
802 2223 830 2271 in
850 2220 976 2286 plurimis

175 2289 289 2341 maximi
297 2291 430 2341 momenti
440 2292 562 2359 negotiis
573 2289 759 2356 prudentiam,
771 2288 861 2347 fldem,
869 2285 975 2404 mepnl·

175 2355 300 2410 tudinem
309 2357 478 2409 onimitnam
488 2361 618 2424 expertus
629 2362 716 2422 esset3
733 2355 849 2424 primum
864 2353 910 2421 qui
932 2367 975 2404 em

221 2458 244 2514 ⁸)
260 2456 309 2502 cis.
319 2469 355 2513 pr.
365 2454 433 2500 sset.
443 2456 505 2510 psit.
515 2457 536 2497 d.
544 2453 565 2508 d.
576 2458 609 2496 12
619 2455 678 2498 ned.
690 2451 784 2498 ceum
793 2452 890 2507 podest.
905 2455 925 2497 si
935 2455 974 2509 qai

181 2511 219 2558 s‘ts
227 2527 250 2558 ss
260 2513 344 2558 litteris
354 2509 497 2559 addiderunt,
508 2514 533 2551 nt
541 2508 602 2551 nihil
611 2512 701 2564 possint
708 2523 738 2553 ex
749 2507 784 2551 lis
794 2509 974 2563 sequestrem.

89 2569 104 2594 '
181 2581 272 2618 ιιιιοιι
279 2571 365 2614 afferes
373 2568 556 2620 fructumnsqus
566 2563 591 2608 ἐκ
601 2568 732 2624 adspectans
741 2566 852 2623 &empus
858 2563 974 2624 proferre.

212 2643 246 2698 ⁶³)
263 2643 310 2687 Gis.
319 2655 362 2698 pre
372 2640 432 2682 Mur.
443 2641 463 2681 8·
473 2641 536 2682 extr.
548 2635 643 2683 Nollnrs
658 2639 717 2682 ssim
730 2637 796 2680 volsis
809 2651 859 2684 sors
873 2651 974 2695 eum

91 2767 93 2774 Ι
182 2697 254 2751 seut.
264 2699 288 2744 in
296 2711 340 2756 qno
349 2708 466 2744 reuersas
474 2695 548 2754 vittas
556 2696 706 2752 cognoscique
714 2697 802 2752 pcssst.
814 2718 816 2724 ¹
