2156 3008
186 177 248 232 lto·
453 173 609 228 ORATIO
625 175 714 230 xlll.
867 239 869 252 1

184 277 379 346 hominumque
388 273 485 330 hortae
495 277 595 338 eadere
608 277 753 332 volulaeet
785 277 853 343 lile,
865 280 983 358 rat-prlo-

185 345 276 412 eipem
294 357 360 395 vere
380 345 584 411 magnanimum
607 345 711 409 decuit,
733 359 852 397 manera
871 345 986 410 quidem
1062 379 1063 388 κ

183 410 362 477 imperatoria
381 423 437 460 non
454 411 623 476 repudiavit,
639 413 690 464 aad
707 411 796 474 illam,
818 427 900 478 quam
915 413 982 474 dixi,

185 489 318 529 eoronam
337 476 483 542 augustine
498 477 627 544 quiddam
642 485 671 529 et
682 477 904 557 magnificentior
921 491 984 532 aare

186 543 278 605 duxit,
308 555 389 608 quam
417 547 449 598 ut
471 545 600 610 cuiquam
623 547 782 597 mortalium
809 547 983 600 convenirem

186 611 298 676 dignam
317 621 374 658 rem
394 610 531 671 terrario,
552 610 676 678 dignam,
699 627 769 678 quae
789 625 846 662 non
864 609 984 662 humano

186 675 263 736 uani,
292 673 342 724 aed
366 670 460 724 divino
483 676 570 728 cultui
593 678 780 742 addiceretur3
806 677 901 744 itaqua
923 693 985 748 earu

186 751 293 792 numme
310 753 371 791 eum
393 743 573 794 veneratione
596 745 625 794 in
643 745 774 810 templum
795 744 984 797 Lateranenae

186 807 309 866 misaam,
320 806 384 856 divo
395 805 490 868 Petro,
502 811 692 874 apostolorum
701 813 827 878 principi,
838 825 986 863 eonaeura-

187 873 235 923 vit.
270 871 405 924 Nimirum
415 873 710 943 utbeiliprincipiaex
723 878 784 929 solo
799 877 885 928 divini
895 877 985 928 cultus

187 939 281 990 atudlo
301 940 479 1003 exstiterant,
496 942 538 991 ita
554 944 689 994 victoriae
707 945 829 1011 insignia
840 959 895 996 non
907 943 985 1006 alibi,

187 1019 269 1124 aeram
284 1008 314 1057 in
333 1005 516 1058 celeberrimo
536 1008 630 1076 aliquo
643 1010 764 1077 templo,
783 1010 918 1062 collocari
931 1025 986 1075 par
1030 1069 1033 1074 ⁸

218 1072 253 1135 it,
272 1078 303 1123 ut
321 1073 447 1125 omnibus
461 1074 581 1128 saeculis
596 1076 625 1127 in
638 1075 689 1128 illo
702 1076 789 1128 nobili
804 1089 916 1128 niunero
929 1091 986 1128 noo

187 1146 243 1192 tam
256 1139 306 1190 illa
319 1140 534 1192 clarissimarum
547 1157 715 1209 gemmarum
729 1145 987 1260 multitudo‚Nquam

186 1207 329 1258 lllodovei
348 1207 423 1274 regia
442 1208 530 1274 pintae
549 1210 705 1279 religioque
725 1210 855 1278 fulgeret.
915 1222 986 1276 eque
1063 1239 1064 1248 κ

188 1285 219 1324 aa
229 1279 306 1324 tanto
316 1280 394 1340 patre
405 1289 499 1340 pamm
509 1275 621 1343 dignum
631 1278 770 1344 praestitit
779 1275 987 1328 Childebertua:

188 1340 239 1456 qui
254 1341 420 1394 lllmmioum
437 1341 540 1392 Alarici
560 1343 659 1403 lilium,
679 1345 723 1395 cui
741 1343 826 1394 etiam
841 1340 989 1411 parciendi
1063 1347 1064 1350 ’

203 1407 313 1458 dederis
326 1413 427 1458 caussa
435 1417 560 1455 eororam
572 1407 726 1458 lilotildam
736 1410 768 1456 in
784 1408 989 1460 matrimonium

191 1472 320 1534 dederat,
336 1487 397 1524 eum
406 1473 435 1522 in
449 1477 563 1537 paterna
574 1472 716 1536 impietate
727 1477 851 1535 peratore
866 1471 989 1536 ideoque

190 1539 220 1590 in
230 1551 355 1599 uxorem,
367 1551 447 1602 quiam
458 1537 595 1587 obducere
606 1551 623 1586 a
633 1535 772 1586 catholica
781 1534 921 1599 religione
932 1551 990 1590 uon
1064 1537 1065 1600 l

190 1608 312 1672 poterat,
334 1603 464 1653 imurium
483 1615 515 1650 ae
536 1600 767 1649 contumeliorum
787 1604 849 1650 es'ee
869 1614 990 1668 eognos-
1041 1621 1044 1625 ·
1064 1607 1065 1666 q

191 1674 249 1729 eet,
267 1668 342 1718 bello
357 1679 419 1717 enm
432 1664 630 1731 persequinon
640 1665 716 1729 priua
732 1664 853 1728 destitit,
868 1678 991 1734 quamne
1064 1673 1065 1698 l

189 1742 337 1802 tyrannum
345 1733 435 1797 ipsum
453 1730 640 1793 obtruncarit,
654 1738 684 1782 et
696 1729 828 1798 populna,
842 1736 891 1801 qui
902 1736 930 1786 ai
941 1749 989 1801 pa·

190 1803 315 1860 ruerant,
334 1799 369 1849 ab
387 1795 503 1847 Arianae
521 1795 661 1864 opinionis
680 1799 817 1866 pravitate
835 1803 989 1854 reroeavit.
1064 1805 1065 1808 ’

190 1865 216 1916 0
225 1861 417 1922 normandia,
433 1875 503 1928 quae
513 1877 570 1916 non
580 1864 618 1915 ad
630 1865 713 1918 unaue
727 1865 848 1920 hominia
862 1867 989 1920 ambitio·

189 1944 253 1984 aem
281 1937 330 1980 ant
347 1929 491 1980 avaritiam
513 1931 692 1998 explendam,
714 1933 765 1986 aad
783 1935 822 1986 ad
843 1949 937 1987 veram
960 1942 990 1989 et

187 1995 356 2048 catholicam
375 1995 541 2063 religionem
560 1998 644 2052 latiur
661 2002 844 2069 spargendam
857 2001 990 2067 tuacipie·

188 2061 300 2115 lta'nturl
321 2063 344 2116 0
364 2059 463 2115 lelleea
480 2066 627 2130 victoriae,
646 2072 717 2136 quiae
732 2069 925 2121 enviotoritue
940 2067 990 2118 im-

79 2184 84 2196 ,
188 2129 336 2182 mortalem
371 2131 490 2206 gloriam
518 2139 548 2186 et
573 2135 657 2187 riotia
695 2137 838 2188 aeternam
871 2133 991 2188 amntem

189 2194 365 2251 adferebant!
490 2248 494 2255 ,

224 2263 280 2316 Sed
296 2265 447 2334 itamagna
458 2272 486 2317 et
496 2265 689 2319 memorabilia
702 2274 779 2330 aunt,
794 2279 863 2335 quae
880 2260 991 2318 mihine

89 2371 90 2374 η
191 2331 228 2382 ad
238 2332 384 2384 dicendum
395 2332 529 2396 offerunt,
539 2339 578 2396 ut,
592 2348 653 2384 oum
663 2335 776 2404 ringula
784 2335 907 2392 intueor,
921 2330 994 2384 nihil

193 2411 289 2450 eorum
308 2401 369 2452 aine
388 2399 496 2467 flagitio
519 2401 708 2466 praetermitti
722 2398 992 2466 poeaeexittimem,

193 2465 234 2517 ita
243 2465 329 2518 nrulta
339 2481 447 2527 rursus,
463 2471 505 2526 ut,
517 2479 579 2516 oum
588 2467 718 2518 universa
734 2463 918 2530 contemplor,
931 2464 992 2532 plu·

135 2545 141 2556 ·
193 2533 264 2588 rima
282 2532 349 2586 noihi
369 2532 531 2584 neaeram-io
553 2533 707 2590 omittenda
729 2545 791 2584 eoae
813 2543 992 2600 cognoscam.

193 2597 350 2667 [ingoberti
362 2605 454 2650 tomen
463 2599 545 2672 primi
556 2598 726 2667 singularem
740 2599 922 2668 eximiamque
934 2599 993 2677 ple·

193 2672 279 2718 tatem
289 2666 391 2719 tacitus
399 2667 553 2734 praeterire
567 2682 623 2719 non
637 2681 764 2736 porrum:
786 2668 845 2736 qui,
860 2671 889 2718 et
899 2664 992 2718 adreio
