2146 3008
137 116 205 213 'abs
412 161 563 216 oRu'rto
582 160 693 216 xxvi.

153 275 271 332 regnum
283 277 362 315 suum
376 269 539 316 reverterat.
571 263 627 314 Ubi
636 261 740 315 Foxius
751 277 785 314 ea
794 259 958 320 fundamen·

153 337 184 382 ta
201 329 269 381 iecit
283 337 312 382 et
324 330 420 380 tuendi
433 330 513 396 regni
528 334 556 380 et
572 329 779 382 conservandae
797 329 957 396 religionis,

153 395 292 463 inquibus
307 397 331 447 si
345 402 443 466 postea
456 397 516 463 pari
529 395 584 446 lide
598 411 631 446 ac
648 397 766 448 consilio
778 398 956 450 aedificatum

154 470 243 526 essct,
264 463 393 515 fortassis
417 461 500 513 bodie
521 476 611 528 neque
630 463 738 528 Regina
757 464 957 516 miserabiliter

154 532 264 610 captiva
274 535 427 594 teneretur,
440 542 529 595 neque
540 535 628 580 status
641 530 788 596 religionis
801 530 953 581 laboraret.

153 595 233 648 lllmc
244 611 304 647 cum
314 595 454 656 rediisset,
467 609 538 646 anno
550 609 653 646 nourr.
665 596 774 662 legatus
785 597 813 648 in
825 597 954 663 Angliam

153 666 254 714 niissus
266 668 321 726 est,
333 660 380 711 ubi
393 661 603 728 quadriennium
613 663 751 730 integrum
767 669 844 714 tanta
853 664 908 713 ude
919 679 954 715 ac

153 728 312 802 diligentia,
342 733 421 778 tanta
443 728 610 781 dexteritate
633 744 665 779 ac
689 730 847 796 prudentia,
873 735 954 781 tanta

152 794 365 862 perspicacitate
374 797 400 860 *)
433 809 466 846 ac
476 796 593 847 solertia
603 797 632 846 in
640 810 753 848 munere
764 812 815 858 suo
826 802 952 848 versatus

90 910 95 919 ,
153 868 204 922 est,
225 867 269 924 ut,
280 860 387 928 magnis
401 861 509 914 interea
521 864 550 913 in
564 863 658 914 Gallia
670 864 790 914 motibus
811 863 951 926 excitatis,

151 927 951 996 nihilAngliaelleginastrue1·e,nihilmolirimibilmacbif

149 996 211 1048 nari
225 997 348 1062 potuerit
363 996 398 1046 ad
413 1002 529 1047 conatus
542 1010 647 1058 eorum,
679 996 801 1047 uiaDeo
812 995 950 1062 etallcge

149 1011 952 1129 rebellaveranff*)‚adiuvandusquoffnonipsedetexerit

150 1145 183 1182 oc
197 1129 363 1196 patefecerit
372 1130 498 1198 Regique
507 1129 683 1191 indicaverit,
692 1131 774 1197 cique
785 1131 856 1180 viam
866 1145 898 1180 ac
908 1143 950 1180 ra·

149 1197 255 1248 tionem
267 1196 431 1258 ostenderit,
446 1211 501 1263 qua
509 1196 667 1262 perniciosa
677 1195 822 1248 lezabelae
834 1195 953 1248 consilia

149 1270 258 1316 mature
280 1265 457 1331 praeveniret
466 1263 525 1326 aa»)
538 1268 566 1313 et
577 1269 735 1326 occuparet.
770 1261 852 1314 Foxii
892 1267 952 1313 r'ae·

153 1332 234 1396 cipue
250 1331 368 1382 consilio
383 1329 556 1398 occultisque
575 1327 688 1379 monitis
706 1329 776 1380 inita
791 1336 835 1381 est
848 1345 865 1379 a
899 1342 951 1395 ege

150 1397 224 1448 ratio
236 1397 421 1464 extorquendi
431 1411 466 1448 ex
475 1395 626 1462 anglorum
641 1395 766 1447 manibus
778 1395 953 1448 celeberrimi

153 1477 186 1516 ac
196 1465 374 1516 munitissimi
388 1469 485 1531 portus
499 1463 669 1523 Gratiarum,
684 1475 738 1526 quo
750 1463 805 1525 illi,
819 1463 873 1513 sibi
888 1461 952 1514 bae-

151 1531 304 1582 reticorum
319 1543 404 1596 opera
416 1529 532 1588 tradito,
544 1527 662 1576 Galliam
678 1527 712 1574 ab
723 1541 757 1576 aa
769 1535 847 1590 parte
858 1529 952 1580 obses-

152 1611 212 1648 sam
223 1595 363 1646 tenebant.
398 1593 480 1642 Foxii
490 1591 607 1642 consilio
619 1596 758 1666 repertum
769 1596 819 1650 est,
829 1607 883 1655 quo
894 1609 952 1650 mo-

152 1663 188 1714 do
200 1663 261 1711 Rex
274 1674 307 1709 ea
320 1658 461 1722 pactione,
476 1669 558 1721 quam
573 1653 710 1702 Hennaeus
724 1656 861 1704 secundus
876 1656 952 1710 fece·

150 1726 243 1778 ratde
261 1720 434 1773 restituendo
447 1720 544 1786 Anglis
560 1719 634 1768 intra
650 1721 755 1768 certum
776 1725 883 1786 tempus
900 1724 952 1774 Ca·

95 1785 98 1792 ’
151 1793 228 1854 litio,
240 1787 407 1849 solveretur,
420 1791 505 1851 utque
516 1783 628 1837 obsides
638 1797 672 1834 eo
682 1786 793 1836 nomine
804 1785 862 1836 dati
872 1787 950 1837 dimi-

152 1858 200 1909 dio
211 1858 270 1907 eius
281 1853 428 1921 pecuniae,
439 1867 500 1920 ,qua
508 1853 570 1906 Rex
582 1851 776 1919 depacisoendi
789 1852 951 1905 facultatem

151 1922 276 1984 dederat,
286 1921 497 1972 redimerentur.
529 1920 950 1974 llludverocommemoratione

152 1990 357 2058 dignissimum,
372 1988 447 2070 quod
460 2003 541 2057 quam
556 1988 604 2040 diu
615 1988 644 2039 in
656 1987 756 2054 Anglia
768 1986 832 2050 fuit,
847 1989 952 2046 nullum

151 2073 272 2124 unquam
288 2058 362 2110 diem
373 2057 535 2120 mtermisit,
556 2055 635 2123 quin,
654 2055 805 2120 quamlibet
817 2056 952 2110 fremente
1046 2115 1047 2118 Ἴ

152 2125 273 2194 Regina,
289 2130 497 2178 sacrosanctum
510 2121 791 2176 missae'sacrificlum
802 2122 875 2186 domi
885 2139 951 2176 suae

154 2194 291 2246 celebrari
308 2191 437 2244 iusserit:
455 2192 491 2243 ad
504 2190 579 2258 quod
593 2189 663 2241 clam
677 2187 757 2240 aride
771 2192 953 2242 conveniebat

125 2260 128 2266 '
153 2275 188 2314 oc
207 2261 391 2312 concurrebat
412 2273 514 2328 magna
531 2263 560 2310 et
575 2255 727 2326 auglorum
745 2262 775 2308 et
795 2264 952 2311 exterorum

200 2391 223 2444 ·)
240 2391 289 2436 cie.
299 2391 328 2434 acl
337 2390 386 2435 stt.
397 2395 416 2434 l.
425 2394 459 2434 lt.
470 2389 522 2444 Μ.
845 2412 848 2416 ·

189 2448 221 2502 “)
237 2449 307 2491 Forte
317 2447 407 2490 excidit
415 2447 507 2490 verbum
518 2443 653 2501 deficiam.
681 2444 741 2492 Nan
750 2447 859 2491 rebellare
868 2445 898 2492 ab
907 2444 951 2491 ola'·

155 2501 686 2602 wztneggdfflglubqffe'iltlu‘fttu?‘nitsinanlrh'frlf
697 2571 761 2602 emm
780 2561 819 2602 aut
833 2571 887 2601 occu
905 2557 951 2600 atio

155 2558 275 2654 consillum
287 2614 336 2654 eins
342 2571 509 2668 prn'evenr'mfl.)
527 2613 582 2656 -Ubi
597 2573 671 2658 tam2n
681 2629 712 2657 ex
722 2614 788 2657 libris
798 2571 951 2668 reponsrflun

155 2670 205 2708 etat
210 2667 371 2722 permutati.
381 2682 401 2714 e.
409 2670 499 2713 irritum
509 2668 698 2715 recinamus.
708 2683 749 2726 pro
759 2667 824 2716 sext.
831 2673 867 2714 22.
875 2673 951 2725 ιλιι.
1043 2671 1046 2730 ,¹
