2146 3008
347 231 500 286 orario
517 212 630 286 xxvi.
718 220 729 239 “
839 233 890 286 su

87 351 148 391 rnm
176 333 298 388 omnium
324 347 418 386 rerum
446 333 508 384 lans
533 331 598 385 Deo
621 321 758 401 primum,
789 331 890 386 deinde

87 405 168 459 Pauli
180 397 269 454 'Foxii
286 399 450 468 prudentiae
468 415 568 468 magna
586 414 621 452 ex
640 406 720 468 parte
743 397 892 452 tribuenda

89 479 142 523 cot.
177 467 335 536 Regiuallc
356 467 380 518 is
391 476 479 520 matre
487 467 654 534 Lugdunum
664 477 751 533 usque
762 466 891 532 deducta,

89 539 206 594 Romam
217 537 271 585 iter
285 483 371 602 cepft,
384 535 431 586 ubi
445 536 691 652 itasem01·est{)ue
705 545 772 584 suos
792 539 891 584 totam·

110 618 144 655 ue
164 608 318 654 anteactam
338 603 423 654 vitam
442 601 575 653 Pontifici
592 615 642 668 pro
664 601 732 666 avit,
753 606 785 650 nt
803 600 838 651 ab
856 613 891 651 eo

90 619 238 723 decoratus
258 671 295 720 sit
311 667 559 735 Archiepiscopatn
578 668 735 730 i'olosano,
755 667 791 718 ad
829 681 892 718 uem

90 739 151 810 ipse
163 735 258 788 multis
271 740 335 787 ante
348 739 427 786 annis
440 735 511 786 miro
525 734 662 800 banorum
676 735 769 786 studio
787 748 802 785 e
833 733 891 801 agi-
933 739 937 746 ’

89 805 209 856 tabatur.
244 801 342 869 Neque
361 801 415 853 dici
437 807 531 868 potest
546 801 576 850 in
593 801 721 852 obeundo
735 801 821 868 legati
834 816 892 852 mu·

89 885 156 924 nere
168 875 338 938 quantopere
349 874 378 917 et
387 866 519 916 Pontifici
530 871 557 916 et
564 865 635 932 Regi
646 872 674 917 et
684 867 810 917 omnibus
821 883 892 919 sum·

88 939 142 990 mis
164 938 270 1003 pariter
293 949 326 983 ac
348 927 450 982 intimis
474 937 570 998 gratus
593 937 779 998 acceptusque
797 931 892 996 luerit,

90 1005 255 1070 integritate
274 1001 361 1058 vitae,
381 1011 488 1048 summa
504 996 597 1048 vultus
613 1011 645 1047 ac
659 998 796 1049 sermonis
810 1001 894 1050 comi·

90 1076 163 1130 tate,
182 1065 389 1134 promptissimo
403 1063 437 1114 ad
457 1077 536 1130 opem
550 1063 693 1115 ferendam
707 1067 814 1127 animo,
833 1065 894 1116 sive

92 1134 155 1202 quis
176 1131 282 1182 auxilio
306 1130 365 1180 sive
388 1130 508 1180 oonsilio
535 1130 683 1196 indigeret.
720 1130 892 1197 Quamquam

92 1205 184 1252 autem
194 1198 271 1247 nulla
280 1197 307 1246 ei
320 1211 384 1262 pars
398 1197 498 1247 aetatis
509 1198 642 1264 amagnis
656 1196 895 1249 memorabilibus·

92 1279 146 1340 que
165 1265 249 1315 rebus
267 1268 426 1326 vacaverat,
450 1263 552 1330 exigua
572 1268 664 1313 tumen
688 1264 781 1314 omnia
803 1264 895 1315 rideri

90 1336 233 1404 poterant,
252 1335 337 1397 prout
356 1344 390 1380 ea
408 1335 500 1393 crant,
521 1343 590 1397 quae
607 1329 732 1396 agitabat
745 1329 849 1396 animo,
869 1330 894 1382 si

92 1399 203 1471 quando
217 1398 246 1448 in
257 1397 376 1448 Galliam
391 1397 483 1448 redire
496 1402 524 1446 ct
534 1395 681 1446 ecclesiam
695 1396 750 1448 sibi
759 1395 893 1450 creditam

92 1477 225 1534 praesens
240 1463 394 1531 gubernare
413 1465 559 1530 potuisset.
593 1462 743 1514 lmbiberat
757 1462 829 1513 enim
846 1478 893 1530 pe-

91 1532 180 1594 nitus,
190 1531 219 1580 in
237 1530 367 1597 mandata
384 1529 438 1581 sibi
452 1529 594 1597 provincia
606 1529 642 1581 ad
655 1530 812 1582 Tridentini
823 1527 894 1583 Gon·

92 1598 151 1650 ciiii
161 1599 361 1665 praescriptum
372 1599 464 1649 omnia
472 1612 605 1648 revocare
614 1604 643 1648 et
652 1597 775 1666 erigere,
785 1610 893 1649 omnem

91 1665 236 1717 munerum
259 1665 513 1718 ecclesiasticorum
537 1665 764 1728 nundinationem
783 1665 893 1718 ioedas-

14 1789 16 1794 ,
92 1745 146 1800 que
160 1732 237 1794 illas,
251 1733 301 1783 sed
314 1733 395 1784 nimis
408 1734 526 1784 usitatas
540 1747 635 1784 corum
650 1732 809 1785 fiduciarius
818 1748 893 1784 man·

93 1799 247 1865 cipationes
260 1797 384 1849 funditus
398 1799 511 1860 tollere,
526 1799 679 1851 dissolutos
693 1815 725 1851 ac
736 1798 893 1852 diffluentes

94 1864 348 1916 ecclesiasticorum
376 1877 468 1914 mores
496 1866 602 1916 severis
626 1866 736 1932 legibus
760 1871 893 1918 coercere

15 1977 16 1982 ,
90 1945 127 1987 uc
149 1931 356 1994 constringere,
380 1928 543 1979 clericorum
568 1931 717 1981 seminaria
736 1932 893 1995 instituere,
959 1962 964 1974 ι

40 1999 43 2004 ’
94 1991 198 2058 templa
207 2007 305 2042 eversa
315 1993 433 2058 erigere,
443 1995 557 2050 ruinosa
566 1994 676 2059 fulcire,
686 1995 793 2048 reditus
804 1999 892 2048 eoele-

94 2059 224 2112 siasticos
234 2057 344 2109 iniustis
354 2059 564 2124 possessoribus
576 2061 693 2128 eripere,
704 2063 893 2115 xenodochio·
946 2089 951 2101 ι

93 2141 154 2180 rum
173 2139 205 2176 uc
229 2124 412 2192 collegiorum
432 2127 606 2192 praecipuam
630 2141 722 2177 curam
751 2131 893 2196 suscipere

93 2201 122 2246 et
136 2191 284 2259 perlicere,
298 2198 446 2252 uteorum,
462 2192 508 2258 qui
522 2193 573 2242 illa
581 2192 745 2244 fundassent
759 2201 843 2260 atque
853 2197 893 2246 in-

93 2259 261 2320 stituissent,
275 2272 353 2310 mens
369 2273 401 2314 ac
414 2259 542 2310 voluntas
556 2258 706 2326 diligenter
717 2275 749 2310 ac
759 2261 893 2328 religiose

94 2328 302 2388 observaretur,
323 2326 415 2379 omnia
428 2325 545 2405 denique
558 2340 665 2376 summo
680 2327 772 2379 studio
788 2327 892 2392 iacere,

93 2407 164 2474 puae
183 2395 219 2445 ad
236 2392 305 2446 boni
327 2399 356 2446 et
377 2391 512 2460 inculpati
533 2393 671 2458 praesulis
694 2394 813 2444 officium
831 2409 892 2462 per-

93 2466 224 2512 onerent.
898 2473 901 2480 '

128 2525 184 2577 Sed
197 2539 288 2592 ospes
301 2523 443 2592 hominum
456 2525 585 2594 fragiles!
604 2542 621 2578 o
634 2524 747 2578 fallacia
761 2527 890 2580 consilia!

94 2593 172 2644 llaec
191 2607 254 2645 cum
272 2607 335 2646 eum
353 2595 473 2654 maxime
489 2595 668 2646 meditantem
691 2599 720 2644 et
737 2609 771 2645 ea
789 2609 845 2646 una
861 2595 891 2647 in

94 2661 265 2725 cogitatione
280 2667 376 2711 noctes
393 2663 508 2779 dieszue
523 2662 643 2714 defixum
664 2661 776 2714 moritus
796 2663 893 2742 gravis
966 2663 969 2668 '

94 2732 124 2777 et
134 2725 261 2778 mortifer
272 2731 426 2795 occuparit.
478 2729 538 2783 ulus
550 2731 666 2800 primam
680 2730 891 2798 impressi-onem
