2154 3002
325 177 564 254 'onnnrovn
817 202 850 254 ot

60 314 118 352 rum
138 302 217 370 regis
233 299 333 369 optimi
348 315 382 352 ae
398 300 579 362 sanctissimi,
597 313 644 353 res
659 287 710 370 pr‘o
731 297 855 354 eeclesia

60 365 170 420 fortiter
184 377 292 436 gestos,
311 370 337 419 si
348 368 438 418 minus
453 381 469 418 e
481 369 648 434 scriptorum
668 369 852 421 monumentis

63 436 241 502 cognouerit,
264 441 294 486 at
321 435 463 486 auditione
487 441 563 485 certe
584 436 677 501 aliqua
699 434 855 502 acceperit!

64 501 145 552 euim
157 502 213 553 riri
224 516 276 568 per
289 515 397 552 omnem
405 501 491 551 vitam
504 499 579 552 domi
591 499 717 569 forisque
730 507 857 569 spectata

62 568 147 619 virtus
158 574 187 620 et
195 569 288 620 rivum
296 568 415 618 maxima
423 567 506 618 laude
515 567 678 630 cumulavit,
688 574 717 619 et
726 567 855 620 coniecto

62 631 224 689 buiusritae
235 633 373 686 ourrieulo
386 633 416 686 iu
425 634 589 686 coelestium
604 635 724 685 coneilio
735 633 856 687 colloca·

63 705 119 752 trum
132 701 168 756 ad
181 701 318 754 Diuorum
330 699 497 766 religionem
516 706 546 752 et
563 702 773 753 sanctimoniam
791 714 857 752 oon·

63 769 189 820 seems-it.
224 768 265 818 nh
286 780 320 817 eo
337 767 348 817 i
370 767 425 818 'tur
441 773 471 818 et
482 768 618 818 Antonius
634 781 685 820 rex
703 774 733 819 et
752 767 858 818 loanna
962 797 964 801 ,

63 836 160 902 regina
172 831 329 895 Navarrae,
368 832 456 884 uobus
468 833 556 900 ‚qussi
569 833 637 884 rivis
652 847 688 885 ex
701 833 800 886 eodem
810 847 857 884 es·

62 901 118 966 pite
127 899 302 952 manantibus
314 899 450 966 originem
460 898 576 961 ducunt,
588 905 684 951 utnon
693 901 753 952 sine
763 899 857 951 (lirino
875 913 879 917 ·

65 969 180 1019 oonsilio
194 967 369 1032 sanctiregis
379 965 492 1017 soboles
506 967 535 1016 in
545 966 639 1032 plures
652 963 773 1017 familias
782 979 859 1032 spar-
955 989 960 998 ·

65 1049 95 1084 sa
103 1042 186 1101 atque
196 1033 324 1094 diducta,
337 1037 401 1098 post
409 1037 552 1084 trecentos
561 1032 759 1098 propemodum
770 1045 858 1083 annos

64 1100 235 1153 matrimonii
246 1098 362 1150 foedere
377 1098 519 1166 copulata,
540 1099 570 1149 in
586 1113 669 1150 unam
688 1099 859 1164 eandemque

66 1165 175 1218 domum
187 1166 280 1218 denuo
294 1165 433 1216 coaluisse
446 1165 583 1216 rideatur.
617 1161 728 1215 Etenim
742 1169 771 1215 et
787 1165 861 1214 tanti

64 1231 156 1284 herois
185 1231 330 1298 rogeniem
340 1245 420 1297 quam
432 1230 568 1281 latissime
581 1228 659 1280 fundi
669 1245 702 1280 ao
710 1229 860 1298 propagari

65 1247 224 1365 oportebat,
242 1303 301 1350 uta
313 1299 399 1363 stirpe
411 1297 523 1365 generis
533 1309 566 1348 ae
576 1297 688 1348 seminis
703 1311 784 1363 quarn
800 1295 859 1362 plu·

64 1365 141 1418 rimis
159 1364 328 1442 populorum
346 1363 502 1414 rectoribus
520 1363 630 1430 integra
646 1362 698 1414 illa
721 1369 751 1413 et
767 1364 860 1414 ineur-

63 1428 811 1500 ruptarehgio,quaeineoiuerat,ingeneroretur*);
831 1436 860 1479 et

65 1511 181 1564 aequum
192 1500 315 1557 eretsex
323 1508 357 1546 ee
365 1494 509 1561 proiectos
518 1495 629 1548 tandem
643 1494 791 1563 aliquando
800 1507 861 1546 rur·

63 1579 123 1616 sum
131 1566 208 1614 inter
218 1563 249 1612 ie
259 1561 398 1628 coniungi,
409 1566 441 1612 ut
449 1567 599 1623 exstarent,
609 1563 657 1630 qui
668 1570 786 1629 utraque
795 1563 860 1614 stir-
913 1557 925 1568 “
944 1594 946 1599 -

63 1645 97 1696 po
115 1633 234 1698 possent
250 1627 323 1680 Divo
339 1626 484 1680 Ludorieo
501 1629 613 1696 generis
631 1629 677 1682 sul
694 1635 808 1681 auctore
825 1641 859 1680 ao

62 1697 189 1816 Runoipe
200 1695 326 1761 gloriari.
357 1692 444 1756 Quod
457 1696 482 1746 si
492 1694 562 1747 mihi
571 1695 615 1748 ias
629 1702 686 1758 est,
698 1696 859 1748 beatissime

87 1771 158 1826 nter,
177 1761 308 1814 audiente
321 1767 364 1825 te,
382 1762 414 1814 in
426 1759 481 1816 hoa
495 1762 693 1830 augustissimo
712 1762 859 1828 religionis

63 1829 220 1882 antistitum
235 1841 427 1880 consessores
442 1827 549 1880 divinus
562 1829 632 1880 attin
654 1841 714 1892 ere,
728 1829 801 1881 etde
811 1827 860 1878 Di·
941 1841 943 1846 ·

62 1911 160 1948 rorum
183 1894 312 1946 sensibus
337 1909 370 1946 ao
388 1907 421 1946 eo
444 1894 605 1949 ‘talionibus
653 1894 731 1962 iquid
753 1895 859 1946 diceres
903 1915 904 1918 ¹

63 1962 148 2018 oredo
165 1961 306 2028 equidem,
318 1959 419 2012 Divum
454 1961 601 2014 udo‘rieum
610 1976 661 2029 pro
675 1963 791 2015 caritate
800 1959 860 2024 illa,

64 2044 135 2096 qnae
148 2029 250 2080 beatos
264 2033 372 2080 netum
386 2027 496 2094 quidem
509 2029 628 2092 deserit,
642 2043 704 2080 eum
713 2043 777 2096 spes
790 2033 820 2079 et
830 2027 860 2078 li-

64 2095 623 2158 desiinemsuumoonseoutaedeiioiunt,
633 2096 859 2162 menumquam,

63 2177 126 2214 eum
140 2177 157 2214 e
171 2161 253 2222 coelo
268 2161 300 2211 in
319 2175 386 2213 suos
403 2162 570 2225 intuentem,
589 2160 700 2224 horum,
714 2161 859 2228 dequibus

61 2225 858 2296 loquimur,principumeoniunotionelaetari,et'aseiduls

62 2293 143 2378 hoca
151 2293 216 2348 Deo
234 2295 354 2373 ¹lucibus
368 2308 498 2375 exorare,
509 2300 542 2345 ut
554 2309 571 2345 a
584 2293 681 2372 saorti
693 2306 744 2358 per
753 2306 804 2345 sua
812 2306 858 2343 se·

59 2357 858 2496 {litt,sliltlolltlttllsiiiiiliutffi

76 2531 117 2602 j)
135 2531 185 2576 cie.
196 2531 225 2574 tle
237 2531 282 2588 leg.
292 2547 365 2603 agnen.
378 2536 413 2578 11.
422 2537 457 2578 st.
467 2531 488 2588 ἦ.
498 2536 533 2578 li.
549 2531 775 2598 Νοιιίπεωσπίξθ
786 2525 859 2572 liwi-
902 2514 906 2528 ’

59 2588 129 2657 aalys
136 2600 213 2632 norst
220 2592 268 2632 um
277 2603 295 2658 ιΙ
300 2593 374 2644 stirps
384 2591 475 2642 genens
489 2604 516 2634 aa
524 2591 624 2640 seminis,
636 2595 741 2652 sumpt
749 2596 791 2634 1¹⁸·
800 2594 858 2639 tw

59 2643 339 2748 gigmnuattgzsvlffiffi.
343 2659 357 2689 ι
365 2645 427 2692 ritae
439 2647 601 2691 samantneme
610 2638 799 2699 apponentur,
808 2639 858 2696 lid·

596 2764 622 2817 Ε
638 2763 656 2814 2
