2156 3008
208 202 258 259 ιιι
478 173 743 252 caarruxvrr.

205 337 257 392 ua
273 329 460 392 uocronrs
478 321 622 386 orricio
639 329 765 396 neuun
781 329 890 385 uoco
903 285 1008 392 rurus.

394 416 634 472 PBUDENTIAM
649 417 825 473 nocuum.

271 519 553 614 cunr
602 521 703 596 ιο
788 518 949 635 xqrs

210 665 336 712 uasere
369 665 480 706 aousc
516 650 607 704 rar'n.
638 667 712 706 uon.
742 665 890 709 uorans.
923 667 1010 708 annu

483 749 737 790 unuxrn

210 801 365 889 Maiorem
377 839 408 890 in
420 834 481 890 dies
492 829 614 889 iruc'tunr
628 836 709 904 capio
724 850 760 888 ex
773 834 827 888 hoc
840 799 1013 889 consilinat-

211 921 265 974 que
274 906 403 956 instituto
412 919 475 956 areo
489 903 641 955 exornandi
652 904 722 954 iuris
733 904 838 966 ciriiis,
852 917 942 970 neque
954 905 1014 957 iau·

53 985 56 992 ’
122 1009 127 1014 -
209 976 265 1026 tius
274 970 359 1023 modo
369 979 402 1022 ac
411 971 539 1033 nitidius,
556 971 607 1022 ssd
617 971 776 1022 distinctius
787 973 870 1022 etiarn
884 970 1014 1022 etedru·

209 1041 319 1093 diorum
328 1045 437 1105 captum
445 1037 690 1100 accommodatius,
701 1051 784 1106 quarn
791 1039 917 1120 plerique
926 1037 1014 1105 vulgo

186 1109 316 1172 ¹soient,
336 1105 502 1172 explicandi.
536 1104 607 1156 Naar
628 1105 682 1160 etsi
703 1105 772 1156 satir
790 1105 932 1172 urtelligo,
956 1119 1015 1154 nun

209 1179 316 1226 tanturn
328 1171 397 1225 mihi
409 1186 473 1224 esse
486 1170 533 1222 vei
546 1173 647 1224 virium
657 1172 705 1224 vei
718 1174 908 1235 auctoritatis,
928 1185 1016 1237 quan·

210 1248 270 1292 tum
283 1241 318 1292 ad
329 1237 396 1303 hoc,
416 1239 491 1306 quod
506 1239 598 1290 anuuo
613 1240 730 1308 concepi
742 1241 872 1307 quodque
886 1239 1015 1290 omnibus

210 1309 285 1360 votis
296 1313 410 1374 expeto,
421 1306 504 1373 piane
513 1307 711 1372 perficiendum
720 1308 924 1373 requireretur,
938 1307 1017 1356 iuvat

211 1381 317 1438 tamen,
335 1373 407 1424 tanti
425 1387 457 1423 ac
474 1379 532 1424 tarn
549 1373 687 1439 praeclari
705 1375 800 1438 operis
814 1375 1017 1441 qualiacunque

212 1442 392 1494 fundamenta
397 1441 490 1491 iacere
501 1439 630 1505 experiri,
639 1440 665 1488 si
673 1437 748 1489 forts
756 1440 828 1490 eiius
836 1441 920 1491 rebus
930 1440 1019 1490 curni-

212 1509 265 1560 bus
278 1506 473 1561 instructiores
491 1517 666 1556 commorere
685 1509 715 1554 et
729 1503 764 1553 ad
779 1505 895 1558 eundern
910 1521 944 1556 uu
968 1507 1019 1556 'tu

213 1577 319 1626 tionem
331 1571 533 1634 suscipiendam
549 1569 671 1619 excitare
683 1569 803 1632 possins,
818 1571 930 1622 eiiicere
962 1574 1022 1625 eni-

214 1655 281 1710 (με,
290 1645 323 1690 ut
331 1637 486 1704 quicunque
497 1634 562 1682 oiim
573 1634 608 1682 de
620 1631 673 1681 hoc
685 1643 747 1682 rneo
758 1640 860 1684 conatu
869 1647 936 1686 rere
945 1639 1023 1692 iudi.

213 1722 277 1759 carc
288 1712 317 1756 et
345 1704 456 1752 oterunt
465 1704 494 1748 et
502 1697 609 1756 volent,
620 1697 729 1762 quidvis
738 1696 807 1746 miiri
818 1699 923 1768 potius,
934 1715 1024 1768 qnam

213 1779 262 1824 sut
273 1773 303 1821 in
318 1718 468 1830 (religanda
480 1767 557 1812 recte
573 1761 694 1814 ducendi
710 1764 820 1816 rstiuue
836 1779 869 1816 ac
881 1765 929 1817 ria
945 1769 1023 1824 iudi.

213 1841 299 1896 cium,
314 1832 399 1884 autin
412 1826 508 1878 eadem
518 1828 581 1880 aliis
591 1832 1022 1896 commonstrandarciuntetenr

213 1897 493 1967 defuisse-fateantur.
511 1895 617 1958 Quibus
624 1899 696 1950 eninr
702 1899 787 1951 rebus
794 1902 864 1964 eius,
871 1902 917 1969 qui
924 1918 1021 1970 quarn-

213 1963 1019 2034 cunqueartemdocertiiustituitcfflciumcontineriurbi·

208 2043 280 2096 tror,
291 2047 340 2086 aas
351 2037 382 2082 ut
391 2038 571 2098 praestarem,
585 2040 616 2085 et
626 2034 697 2086 alias
707 2047 817 2102 semper
830 2044 860 2088 et
868 2041 1017 2107 praecipue

130 2125 131 2128 ¹
212 2115 248 2152 ex
257 2115 312 2169 quo
323 2099 410 2152 iibros
420 2099 623 2153 pandectarum
636 2104 777 2169 explicare
789 2105 933 2174 ingressus
946 2121 1017 2170 suni,

211 2183 313 2236 magno
322 2167 391 2222 mihi
401 2169 494 2220 studio
505 2169 677 2222 elaboratum
688 2169 741 2225 cst.
774 2173 814 2223 Au
824 2187 858 2223 ne
869 2173 931 2239 quis
941 2171 1023 2228 iurte.

213 2243 340 2305 quaeret,
356 2250 427 2304 quae
437 2236 550 2288 tandem
561 2237 693 2300 inerint,
708 2239 848 2306 inquibus
862 2246 892 2291 et
901 2239 1015 2292 muitum

214 2319 316 2372 operae
329 2306 458 2371 purusne
471 2319 515 2355 me
529 2304 605 2367 dicu,
620 2311 649 2356 et
660 2306 776 2358 multura
786 2306 943 2374 ponendum
953 2319 1016 2358 esse

215 2373 357 2435 omuibus,
372 2372 421 2438 qui
432 2371 552 2423 docendi
564 2387 663 2423 munus
673 2373 714 2423 ita
727 2380 758 2424 ut
771 2379 881 2442 oportet
891 2373 971 2424 obire
984 2387 1015 2426 ac

215 2442 354 2492 sustinere
367 2439 548 2490 meditantur:
566 2451 705 2506 erponem
721 2455 767 2503 eu,
783 2447 815 2492 ut
825 2446 938 2506 potero,
956 2441 1015 2491 bre·

215 2509 299 2571 riter,
310 2506 443 2571 vobisque
453 2511 620 2572 potestatem
631 2503 748 2570 faciani²
756 2521 790 2560 ex
799 2508 846 2568 iis,
857 2522 929 2572 quae
939 2506 1015 2557 hodi·

216 2589 283 2626 eruc
295 2574 342 2626 die
350 2575 384 2625 dc
394 2573 520 2624 doctoris
532 2573 625 2623 uiiiciu
636 2573 739 2636 dicem,
751 2574 939 2636 existimandi,
951 2573 1014 2654 quid

215 2655 285 2693 anre
295 2642 323 2692 in
334 2646 476 2707 posterum
487 2655 543 2693 uon
556 2647 720 2708 exspectare
730 2645 850 2704 tanturm,
867 2641 916 2692 sed
932 2647 1013 2690 etranr

215 2709 329 2777 exigere
341 2707 474 2760 debeatis.
594 2735 623 2766 ι,

837 2851 854 2892 N
944 2899 948 2906 .
