2156 3008
402 222 554 274 orario
572 221 608 274 X.
856 225 915 281 111¹

104 327 216 384 alendis
228 325 388 378 aeudseima
398 323 465 394 etin
476 321 582 375 eisdem
596 320 749 392 repellendis
766 325 906 380 dissertis-

105 399 177 450 simo
187 393 358 446 Graecorum
367 393 443 442 natio
452 396 534 441 vocat
543 389 574 442 τὸ
587 389 743 460 θρεπτικὸν,
757 391 787 442 τὸ
799 391 905 460 oeten.

106 457 375 580 ‘dedititii
395 457 467 576 dii
477 460 907 578 llllll'irqll‘mnllemm*

106 545 262 654 ligceutem’,
277 542 352 658 {uae
367 597 465 660 postea
478 539 546 642 cuge
557 579 633 653 sunt,
647 561 686 643 u’ti
701 545 814 662 propter
824 543 907 660 9Ἧέξῖ
927 633 934 646 .

109 664 182 724 dom,
192 667 224 712 ut
232 673 327 710 rerum
336 656 436 722 fateor,
447 659 600 709 stultam-et
610 661 731 727 ipeptam
741 661 906 728 religionem

109 743 166 782 non
180 725 325 788 audemus,
345 740 429 776 unum
446 726 474 776 ln
492 725 572 792 plura
583 739 715 804 spargere
730 741 762 778 ec
775 727 907 778 diducere

111 796 252 861 cogimur,
273 792 445 858 dicimusque
457 790 509 842 eim
522 791 671 854 nutriendi„
689 793 741 843 eim
755 793 873 862 augendi
881 801 909 844 et

109 857 344 927 ιι
656 925 793 986 ι

131 943 208 978 οιιιι
243 943 257 976 ι
452 942 469 975 ιι
614 962 621 975 .
684 941 699 976 ιι
745 941 779 976 au
811 941 857 976 mc
879 942 908 976 n·

110 963 366 1052 adurunt’animob
434 939 612 1058 orumqi'psae
635 1005 746 1060 quoque
775 941 908 1059 gssnerflm

110 1066 183 1113 eunt.
220 1058 326 1111 ruem
348 1059 420 1110 enim
444 1059 605 1126 cognitione
624 1057 742 1124 quedam
766 1065 794 1110 et
812 1073 908 1126 appre-

110 1125 367 1192 hensione,partim
377 1124 546 1206 appetitione
557 1133 587 1176 et
597 1123 783 1176 declinatione
794 1139 908 1174 cernun-

111 1201 165 1245 tur.
200 1191 265 1243 lllas
279 1205 418 1254 γνωστικας
431 1191 543 1252 Graeci,
570 1189 620 1242 hes
643 1187 775 1260 ὀρικτικὰς
796 1196 907 1241 vocant.

110 1256 247 1310 Processu?
255 1257 284 1310 in
295 1255 459 1310 animalibus
471 1263 536 1308 eunt
549 1257 632 1320 duae,
647 1269 746 1308 sensus
756 1267 785 1307 et
794 1254 908 1322 planta·

111 1327 167 1386 sia,
180 1324 313 1376 utendum
322 1323 394 1375 enirn
403 1327 448 1375 est
459 1321 525 1386 hoc,
537 1324 646 1392 quondo
656 1323 758 1375 Latino
773 1337 908 1374 caremus.

112 1391 246 1446 Sensibus
256 1389 498 1459 eppreheodmttur
507 1391 618 1472 singule
626 1395 744 1453 tenmm,
757 1403 813 1440 non
824 1389 908 1439 etiam

109 1458 253 1521 universa,
271 1457 326 1519 pisi
336 1463 470 1532 quatenus
481 1464 583 1509 suntm
598 1457 723 1524 singulis.
759 1455 821 1508 Non
836 1455 908 1506 enim

109 1525 232 1591 lapidem
245 1531 293 1577 aut
305 1525 410 1592 lignum
425 1526 537 1592 proprie
552 1538 584 1576 ac
597 1537 691 1590 perse
705 1521 908 1639 videmushsed

109 1591 184 1643 hune
197 1591 317 1658 lapidem
332 1598 361 1642 et
374 1589 427 1642 hoo
440 1590 558 1659 lignum,
573 1595 621 1643 aut
630 1592 724 1657 potius
736 1604 825 1657 neque
854 1603 907 1640 unc

109 1657 232 1724 lapidem
251 1671 342 1725 neque
362 1655 415 1710 hoc
434 1658 552 1726 lignum,
571 1657 622 1710 sed
640 1655 720 1709 huius
739 1656 840 1724 lapidis
860 1659 909 1707 aut

110 1725 181 1791 ligni
191 1725 323 1776 colorem.
359 1723 462 1776 Sensus
473 1727 544 1776 enim
556 1739 611 1776 non
620 1725 739 1794 percipit
748 1723 907 1788 essentiam,

110 1799 143 1842 ut
158 1792 320 1844 Ciceronem
334 1790 458 1842 locutum
468 1805 530 1843 esse
541 1794 629 1854 aiunt,
643 1793 716 1854 sive,
725 1798 761 1842 ‘ut
770 1791 908 1858 posterio-

109 1873 157 1910 res
167 1858 254 1910 locuti
265 1864 340 1921 sunt,
356 1857 551 1920 substantiam,
561 1858 611 1910 sed
621 1871 655 1909 ea
665 1865 784 1923 tantum,
799 1869 869 1923 quae
880 1855 908 1908 ei
1003 1887 1005 1893 ι

108 1925 243 1992 adiuuere
256 1931 331 1988 sunt3
350 1939 440 1992 neque
450 1937 543 1975 rosam
555 1931 602 1975 aut
615 1924 739 1976 videmus
753 1928 801 1975 eut
811 1921 908 1974 olleol·

110 2005 186 2053 mus,
196 1991 245 2042 sed
255 2005 337 2043 rosae
348 1990 463 2043 odorem
473 1990 630 2053 olfacimus,
641 1991 764 2043 colorem
773 1989 908 2050 videmus.

111 2055 217 2110 Sensus
229 2064 320 2109 autern
330 2064 410 2120 sunt,
427 2063 458 2109 ut
470 2063 565 2108 notum
578 2062 634 2118 est,
652 2072 766 2108 numero
778 2057 908 2125 quinque,

111 2139 228 2192 quorum
237 2130 327 2176 taetus
340 2125 369 2176 in
380 2123 507 2177 omnibus
517 2130 560 2174 est
570 2123 746 2185 animalibus,
757 2123 908 2186 ceterum)

110 2191 161 2242 elii
179 2192 212 2242 in.
226 2192 289 2242 eliis
309 2191 509 2242 desiderantur.
546 2185 697 2240 Phantasia
714 2203 806 2241 reruni
824 2203 909 2240 sensu

108 2263 302 2326 perceptarum
314 2256 418 2309 formae
429 2255 561 2326 quosdam
571 2261 613 2318 et,
628 2260 659 2305 ut
674 2254 775 2306 Graeci
791 2256 908 2322 loquun-

109 2330 190 2388 tur‚t
230 2339 261 2374 os
270 2325 400 2376 recondit
409 2340 441 2375 ac
452 2325 590 2387 continet3
605 2335 637 2372 ac
648 2327 793 2388 praeterea
802 2323 910 2374 iudicet

110 2391 145 2443 de
161 2392 208 2457 qui
227 2391 339 2455 usdam,
350 2391 384 2442 de
395 2391 493 2458 quibus
508 2405 605 2442 sensus
616 2388 769 2439 exteriores
784 2387 906 2439 iudicare

108 2473 166 2508 non
175 2463 304 2526 possunt,
319 2464 350 2508 ut
360 2455 521 2508 hoedorum
537 2471 600 2509 esse
613 2455 707 2518 dulce,
722 2461 750 2506 et
759 2451 844 2514 hunc,
858 2454 907 2520 qul

109 2523 231 2584 aceedit,
242 2537 306 2576 esse
318 2522 469 2576 Socratem.
506 2524 609 2577 Sensus
618 2523 647 2573 in
658 2535 706 2586 eo,
716 2521 750 2572 ad
761 2520 834 2589 quod
844 2533 906 2588 pro·

107 2592 168 2659 prie
178 2589 385 2658 percipiendum
399 2597 479 2656 aptus
488 2597 543 2652 est,
557 2603 694 2656 nunquam
703 2587 822 2650 fallitur,
842 2588 906 2639 dum

108 2664 137 2709 et
151 2657 328 2708 intervallum
341 2656 512 2708 moderatum
530 2658 579 2719 sit,
599 2663 628 2707 et
646 2657 857 2707 instrumentum
877 2659 906 2704 et

137 2737 158 2785 ⁸)
173 2737 276 2780 diruetus
285 2735 308 2778 iu
318 2749 385 2788 reug.
395 2733 493 2778 Aldinae
502 2735 560 2778 lene
569 2736 671 2782 corruit
680 2741 811 2780 ceterorum.
