2156 3008
161 161 211 213 ros
360 207 364 214 ,
446 161 603 226 oasrro
621 161 672 215 rx.

160 261 244 314 etiam
259 257 441 327 philosophus
455 261 579 330 inprimis
594 263 697 326 bonus,
715 261 811 314 mulus
829 263 958 317 versibus

158 329 334 445 persequitur
347 342 379 377 uu
390 334 539 444 Beruenset
553 343 587 380 ea
600 329 686 392 bonu,
705 343 776 395 quae
794 344 812 379 a
826 328 888 381 Deo
908 331 958 381 tri-

177 401 278 446 uuntur
288 393 388 446 cultori
410 411 441 444 us
452 395 591 458 iustitiae,
603 402 700 455 contra
720 411 754 446 ue
766 409 825 458 eus,
840 399 911 462 quie
922 398 957 448 ab

158 462 297 513 iniustitia
309 457 467 512 civitatibus
487 461 655 528 inferuntur,
675 412 865 516 trzt‘iamitates.¹
891 463 958 514 lllo·

158 543 219 579 rum
230 527 301 578 enirn
311 527 394 578 urbes
403 527 491 580 laetas
506 528 606 580 llorere
617 529 740 608 populis,
751 543 888 594 nunquam
898 528 958 580 bel·
1053 569 1059 581 .

159 595 201 656 Ιο,
216 607 352 658 nunquam
363 592 447 656 fante,
464 611 602 662 nunquam
612 595 674 648 ulios
685 595 822 646 eiusmodi
831 597 958 662 pestibus

160 657 327 721 condictam
347 657 398 711 hos
413 669 442 712 et
451 661 524 712 latire
538 668 567 713 et
579 667 659 728 peste
673 661 786 714 etbello
801 668 830 712 et
840 662 957 714 'allisio-

156 724 374 788 ,uumerabilibus
393 727 474 778 arulis
493 729 645 781 iniustitiae
662 743 730 780 suaa
751 739 857 795 poenas
880 729 957 780 dare.
991 781 995 786 ,

159 791 315 846 Raoitarem
334 805 431 844 versus
449 796 540 860 ipsos,
562 796 617 849 nisi
631 795 745 862 ¹(lrueou
763 795 874 862 quidem
892 793 958 859 huie

159 857 281 910 seruroni
292 858 444 910 admiscere
453 861 572 924 nollent,
587 861 687 914 Latine
698 868 789 914 auteur
801 876 846 912 me
859 859 958 912 inaffe-

161 929 263 976 atatam
274 924 409 991 quandam
419 927 530 978 illorurn
538 928 739 980 iucunditatem
749 929 808 996 pari
819 927 957 995 gravitate

160 990 335 1043 coniunctam
345 995 457 1060 assequi
465 1001 549 1060 posse
565 995 726 1048 diffiderem.
761 990 957 1055 Quodsibaeo

161 1073 216 1109 non
232 1065 339 1121 esseut,
359 1059 438 1128 sique
450 1062 549 1112 iniusti
562 1063 672 1129 quidem
685 1059 857 1114 abundarent
870 1059 957 1110 omui-

159 1125 212 1176 bus
226 1127 328 1192 copiis,
341 1127 372 1177 in
386 1143 492 1178 sumnia
506 1133 588 1194 opum
603 1136 686 1196 atque
696 1128 832 1184 bononias
846 1124 957 1178 uillueu·¹

160 1193 350 1256 tinniverunt,
363 1192 504 1246 fortunam
517 1197 572 1247 sibi
585 1196 701 1246 arbitrio
711 1209 762 1245 suo
777 1195 958 1260 fingereutae

160 1265 357 1326 temperarent,
368 1261 457 1312 iustos
468 1268 560 1313 autem
571 1261 677 1323 odium,
694 1268 882 1326 contemptus,
892 1271 958 1325 ege·

161 1332 232 1390 atas,
243 1327 339 1390 exilia,
351 1327 494 1391 orbitates,
507 1328 606 1392 danrna
616 1328 707 1378 omnia
716 1333 906 1392 sequerentur,
916 1333 958 1376 te·
1014 1361 1017 1369 ·

161 1407 227 1444 nere
240 1399 332 1445 tamen
346 1395 485 1446 mordicus
495 1395 658 1446 deberemus
667 1393 709 1452 id,
727 1391 801 1456 quod
811 1405 828 1439 a
838 1389 959 1440 Platone
965 1410 967 1416 ¹

125 1499 129 1510 .
162 1461 293 1512 divinitus
308 1466 337 1511 et
349 1461 480 1529 religioni
489 1468 601 1512 nostrae
614 1457 810 1512 conuenienter
823 1453 957 1506 traditum

162 1541 194 1578 uc
209 1527 378 1594 disputatum
392 1533 447 1587 est,
465 1527 570 1586 iustos,
591 1522 701 1574 etiarnsi
715 1533 809 1598 ornnes
825 1518 957 1572 fortunae

163 1593 330 1646 acerbitates
344 1595 495 1659 excipiant,
506 1603 615 1655 semper
622 1589 730 1647 beatos,
741 1585 859 1637 iniustos
871 1588 957 1638 etiam

161 1663 191 1712 in
205 1661 330 1713 maximis
343 1656 573 1726 prosperitatibus
590 1652 852 1721 secundissimisque
872 1653 956 1707 rebus

161 1725 369 1778 infelicissimos
382 1737 453 1775 esse.
623 1747 627 1752 ·
775 1771 778 1778 ‚
944 1757 950 1764 -

165 1825 168 1830 Δ
195 1793 261 1846 Dixi
272 1794 306 1844 de
316 1791 438 1851 iustitia,
455 1800 511 1838 non
524 1801 702 1856 quaecuuque
713 1791 852 1854 poterant,
865 1802 955 1855 nequo

162 1859 273 1911 enimid
283 1865 390 1920 ternpus
400 1853 520 1918 tulisset,
531 1870 621 1923 neque
630 1857 722 1906 onrnia
731 1855 760 1906 in
769 1871 852 1916 unum
863 1855 956 1906 lacurn

160 1922 339 1990 congerenda
351 1935 385 1972 ac
397 1920 484 1973 semel
495 1921 663 1976 effundenda
675 1929 768 1984 erant,
787 1923 838 1974 sed
852 1937 886 1973 ex
895 1922 956 1972 inti·

161 1993 219 2042 nita
229 1989 427 2054 copiaeorum,
441 2003 511 2056 quae
526 1989 581 2042 diei
595 1998 724 2057 possunt,
741 1997 873 2056 quantuni
886 1988 955 2040 satia
974 1990 976 1994 '
1002 2023 1005 2028 -

130 2103 135 2112 ,
162 2069 224 2107 essa
243 2051 394 2113 hodiernae
412 2055 594 2122 disputationi
612 2057 746 2121 iudicum
766 2056 890 2123 quotidie
909 2067 956 2104 uu·

159 2130 229 2183 tenr,
253 2125 285 2172 ut
302 2133 399 2186 spero,
422 2123 501 2190 plura
516 2131 545 2176 et
561 2125 680 2176 meliora
698 2124 832 2176 dicentur.
866 2119 956 2182 Nune,

158 2189 235 2256 quod
245 2187 383 2254 interdum
393 2191 514 2244 dissuas
524 2189 754 2248 hominesiaeera
766 2187 957 2248 ammadverti,

159 2261 192 2306 ut
206 2255 315 2307 eumad
327 2255 479 2312 clausulam
491 2259 628 2310 orationis
642 2263 754 2324 ¹rentum
768 2262 825 2318 est,
842 2254 903 2315 illa,
922 2253 957 2304 de

161 2323 259 2390 quibus
270 2330 399 2392 egerunt,
411 2324 530 2378 breviter
541 2339 574 2376 ae
582 2325 739 2378 suurmatim
748 2321 891 2387 colligunt,
901 2333 957 2384 quo

161 2405 195 2442 ea
204 2391 232 2442 in
242 2406 297 2443 uno
308 2399 457 2458 conspectu
472 2394 564 2456 posita
578 2391 661 2442 ultius
674 2391 702 2442 in
718 2387 887 2440 audientium
900 2385 959 2436 uni·

88 2506 96 2515 ,
161 2457 213 2507 mis
226 2473 259 2510 ao
272 2459 407 2510 memoria
417 2459 546 2524 inligant,
565 2457 595 2510 id
608 2471 662 2538 ego
679 2467 789 2522 quoque
804 2451 896 2508 locere
911 2465 957 2502 eu·

161 2523 220 2592 plo,
232 2526 281 2576 sed
291 2526 356 2592 quia
366 2526 425 2574 eius
435 2524 504 2574 artis
514 2526 642 2589 rragistrr
652 2521 800 2587 singularis
814 2517 958 2570 cuiusdam

161 2589 272 2670 artiilaii
281 2605 343 2642 eant
352 2603 409 2642 reru
419 2590 545 2658 indigere
557 2592 647 2652 aiunt,
662 2587 737 2707 quod
746 2585 816 2637 milri
824 2586 911 2646 deest,
922 2583 957 2634 ab

162 2655 219 2710 alro
238 2657 398 2720 mutuabor,
419 2657 600 2726 recitaboque
618 2655 698 2710 vobs
717 2654 802 2706 verba
823 2651 956 2722 quaedum
