2146 3008
189 153 240 210 2⁰0
383 166 386 177 ·
471 155 625 210 ORATIO
642 157 709 212 XX.
786 161 788 171 '

116 291 118 298 ,
191 257 244 320 eis,
264 255 404 322 laudibus,
422 258 452 310 in
470 258 524 311 hoc
544 259 620 312 orbis
636 265 778 310 terrarum
792 261 984 326 augrrstissimo

190 323 419 392 nobilissimoque
433 340 583 389 consessu,
600 325 698 376 Patres
711 323 888 393 amplissimi,
905 331 987 380 maxi·

191 403 305 456 mopere
319 405 510 449 commoverer
523 408 556 444 ao
572 394 754 444 conturbarer
769 393 874 454 auimo,
885 399 943 444 tum
953 394 985 446 ub

190 457 987 521 viriummearuminrbecillitatem,tumobbrevitatemtom·

191 527 267 590 poris
278 523 345 574 mihi
358 525 393 576 ad
403 539 446 576 me
457 525 669 593 comparandum
679 527 749 588 dati,
764 527 789 576 si
805 525 987 576 existimarem

191 581 987 659 autullaminquoquamvimdicendimeritisipsiusparem

190 668 275 770 posse
285 658 414 722 reperiri,
429 665 477 708 aut
485 653 781 724 ullanr‘longitudinom
790 661 924 725 temporis
934 657 987 710 sui·

205 727 327 775 acturam
337 723 377 785 ei,
388 724 435 789 qui
444 730 500 774 tam
511 725 620 792 copiosi
629 740 662 776 ac
671 725 832 791 multiplicis
847 739 986 792 argumen-

191 788 317 852 tipartes
328 803 424 840 omnes
433 797 604 855 pertractare
618 805 651 842 ac
662 793 791 858 persequi
804 791 898 844 vellet.
933 790 988 843 Sed

192 867 254 905 cum
264 858 292 904 et
303 856 429 906 omnibus
439 863 468 909 et
476 858 556 909 robis
567 861 723 926 praecipue,
733 859 779 925 qui
789 859 901 924 propius
911 858 988 910 illum

191 921 377 986 cognovistis,
389 929 492 982 ¹notum
505 925 731 992 exploratumque
745 925 793 986 sit,
806 925 842 976 iis
854 923 932 974 illum
944 940 988 978 su-

191 1000 242 1056 pra
260 993 370 1040 eeteros
391 993 524 1043 mortales
541 993 690 1043 virtutibus
708 991 852 1053 floruisse,
874 1005 988 1057 quarum

191 1057 404 1119 praestantiam,
414 1071 469 1110 uon
480 1059 570 1109 dicam
579 1072 734 1126 exaequare
744 1057 875 1120 dicendo,
885 1057 935 1108 sed
944 1071 987 1107 as·

192 1121 272 1186 sequi
286 1124 437 1188 cogitando
452 1124 564 1175 difficile
579 1132 661 1191 atque
677 1125 792 1176 arduum
805 1126 853 1175 site
871 1125 933 1191 ipsa
944 1137 988 1174 mo

191 1187 388 1240 anbnosiorem
397 1195 480 1254 atque
488 1192 652 1245 alacriorem
659 1191 727 1242 facit
737 1191 859 1258 suscepti
867 1191 987 1242 muneris

92 1257 96 1267 '
192 1253 354 1318 difficultas,
373 1257 555 1323 cogitantem,
575 1260 651 1324 quod
664 1258 733 1310 mihi
747 1257 906 1310 necessario
926 1271 988 1308 eve·

192 1321 258 1383 niet,
269 1327 300 1372 ut
310 1329 338 1373 et
346 1323 433 1374 multa
442 1332 595 1376 memoratu
604 1326 766 1404 dignissima
774 1323 988 1391 praetermitam,

117 1446 120 1458 Λ
191 1394 222 1438 et
234 1402 269 1439 ea
278 1389 351 1454 ipsa,
364 1403 435 1454 quae
445 1392 592 1458 attingam,
604 1392 724 1443 ieiunius
738 1392 824 1441 multo
840 1397 922 1456 atque
933 1391 988 1441 exi·

191 1451 246 1507 lius
264 1469 345 1520 quarn
364 1470 414 1520 pro
432 1456 556 1522 ipsorum
574 1456 709 1522 dignitate
723 1469 895 1521 percurram,
914 1457 990 1508 idem

191 1520 307 1572 cuilibet
315 1521 465 1598 quamlibet
475 1523 628 1572 exercitato
639 1528 667 1571 et
677 1521 804 1571 omnibus
813 1521 896 1572 rebus
906 1523 942 1573 ad
949 1523 990 1574 di·

192 1587 308 1637 cendum
318 1592 452 1636 instructo
463 1584 567 1636 homini
577 1592 734 1635 eventurum
740 1583 836 1634 luisse.
853 1588 894 1636 Ae
903 1603 991 1652 quon·

191 1653 246 1703 iam
257 1658 407 1716 auguratur
416 1652 531 1710 animus,
549 1663 611 1698 eum
620 1649 674 1697 iam
684 1649 713 1698 iu
726 1654 853 1699 aeternas
862 1649 927 1700 illas
940 1654 993 1704 be·

191 1724 299 1770 storum
308 1715 390 1766 sedes
403 1720 528 1764 evectum
539 1719 638 1763 etcum
647 1714 708 1764 Deo
720 1714 905 1780 coniunctum,
917 1732 993 1783 quaa

191 1782 244 1834 boc
257 1787 386 1845 temporo
396 1779 503 1829 anobis
513 1779 648 1843 dicuutur,
659 1795 784 1848 quaeque
795 1781 875 1845 liunt,
891 1785 992 1838 audire

191 1852 273 1912 atque
288 1846 403 1909 intueri,
424 1845 540 1897 eundem
553 1847 582 1897 in
596 1845 649 1902 hoc
661 1863 773 1900 munere
786 1848 915 1902 obeundo
931 1867 991 1904 mo·

182 1911 256 1966 'dum
269 1912 387 1974 tenebo,
400 1927 480 1980 quem
495 1920 632 1979 tenerem,
647 1917 672 1968 si
687 1917 760 1982 ipse,
774 1917 886 1968 mortali
899 1918 991 1970 adbuc

190 1987 308 2044 corpore
322 1978 448 2044 indutus,
461 1995 594 2048 praeseus
607 1984 731 2040 adesset:
749 1990 780 2036 ut
793 1989 822 2034 et
836 1998 870 2034 eo
885 1996 991 2052 genere

190 2046 325 2098 orationis
336 2053 407 2110 utar,
414 2063 468 2115 quo
477 2050 566 2116 ipsum
572 2054 720 2117 praecipue
731 2050 866 2102 oblectari
875 2052 991 2104 solitum

189 2113 329 2176 novimus,
348 2129 404 2165 non
417 2115 564 2182 pigmentis
579 2131 612 2167 ac
623 2117 694 2168 lucia
710 2118 812 2180 oblito,
826 2117 876 2168 sed
888 2132 990 2169 severo

190 2193 224 2231 ac
237 2180 341 2243 solido,
359 2188 388 2232 et
401 2196 434 2232 ea
447 2183 508 2233 sola
518 2184 546 2233 in
556 2185 618 2250 ipso
630 2187 830 2248 commendem,
846 2198 918 2252 quae
927 2185 990 2257 ipse

189 2248 219 2300 iu
227 2249 309 2299 rebus
320 2247 445 2300 humanis
456 2251 517 2300 sola
528 2251 744 2302 commendanda
753 2249 881 2302 ducebat.

225 2315 279 2376 oui
293 2313 465 2368 ethnicorum
478 2331 554 2366 more
568 2317 707 2379 vixerunt,
724 2317 896 2378 ethnicorum
909 2329 991 2368 more

190 2379 349 2433 laudentur:
368 2388 491 2450 egotam
506 2389 602 2434 saneto
618 2391 728 2450 tamque
745 2382 902 2434 Christiano
915 2385 991 2450 prin-

191 2448 246 2514 cipi
264 2448 366 2500 nullam
381 2449 491 2500 laudem
505 2451 653 2500 convenire
669 2450 790 2500 arbitror
802 2451 857 2504 nisi
869 2464 936 2500 vere
958 2463 992 2500 ac

189 2515 302 2581 proprie
313 2513 504 2566 Christianam.
532 2515 627 2582 ltaque
637 2517 665 2566 in
677 2517 775 2584 quibus
787 2516 993 2582 exaggerandis

192 2586 220 2630 et
239 2581 438 2646 amplificandis
455 2589 565 2632 veteres
579 2583 689 2648 plurimi
703 2588 793 2644 erant,
814 2589 843 2634 et
859 2583 992 2648 aquibus

190 2645 251 2698 fere
275 2645 356 2702 buius
378 2649 490 2716 generis
510 2650 667 2702 orationum
685 2649 821 2719 principia
842 2647 992 2709 ducebant,
