2146 3008
172 196 221 248 ΠΙ
428 196 711 256 obtuluxxvl.

171 304 302 364 expertus
314 305 357 351 est
367 297 478 350 adstans
489 297 524 348 ad
535 312 688 360 cronacum
699 295 808 350 solenni
817 297 961 366 die,quam

171 379 252 432 quam
269 367 434 432 principium
453 363 592 430 quoddam
610 365 709 416 leviter
728 371 882 416 commotae
898 367 972 418 vale-

169 431 274 483 tudinis
286 430 564 492 sentiens‚abstinerc
574 438 666 482 tannen
678 447 694 482 a
704 446 734 482 re
745 431 972 484 divinaiacienda

170 497 317 549 noluisset.
353 497 441 557 Quem
463 511 525 547 cum
546 505 575 548 et
593 499 763 549 medicorum
782 513 849 550 cura
868 503 897 549 et
916 501 970 550 sin·

170 563 262 680 palari
279 565 366 614 victus
385 565 568 628 temperantia
589 564 730 630 depulisse
746 566 802 614 iam
820 565 970 627 rideretur,

94 653 97 659 ·
191 630 244 690 aud
253 631 293 681 its
301 629 388 680 multo
399 636 474 696 post,
489 645 551 680 cum
566 631 602 683 ad
613 630 731 683 hominis
743 630 818 682 Galli
827 633 860 683 d'e
871 646 972 700 magna

91 737 94 744 ,
170 707 201 746 re
212 709 262 746 sua
274 695 458 763 periclitantis
474 711 600 748 caussam
616 699 810 760 adiuvandam,
825 704 856 748 ut
869 705 929 748 erat
942 700 972 750 iu

170 774 267 813 omnes
284 763 515 826 officiosissimus,
531 766 627 832 iniquo
643 771 672 816 et
685 766 777 816 alieno
790 770 915 830 tempore
926 779 972 814 ac·

170 829 318 892 currisset,
339 829 449 883 domum
462 838 493 882 ut
505 833 590 883 rediit
603 833 706 895 lassus,
726 832 815 882 denuo
831 831 970 894 decubuit,

169 908 222 944 nec
241 895 312 948 alius
336 897 362 948 ci
385 905 484 965 postea
506 900 595 950 morbi
619 913 699 966 quam
723 899 797 948 vitae
820 897 882 948 finis
906 896 968 948 fuit.

171 960 234 1021 Quo
244 970 336 1016 autern
345 963 394 1018 illc
404 967 495 1017 aninro
505 968 630 1016 morbum
641 965 822 1025 saevientem,
832 979 887 1030 quo
898 977 970 1014 mor·

118 1049 120 1054 ’
168 1034 226 1079 tem
238 1038 341 1082 certam
354 1031 410 1082 iam
421 1040 449 1084 et
458 1032 648 1084 imminentem
663 1031 744 1083 tulitl
761 1037 828 1110 quot
842 1037 971 1096 quantas·

170 1105 225 1214 pue
234 1098 414 1150 moribundus
425 1100 509 1150 animi
519 1101 584 1150 'rere
591 1095 740 1150 Christiani
748 1097 970 1162 significationes

163 1209 165 1214 .
191 1159 264 1214 editi
282 1180 336 1230 qua
353 1165 538 1218 submissione
558 1166 641 1218 animi
661 1170 777 1232 peccata
789 1179 839 1214 sua
853 1161 970 1226 ,confes-

118 1229 124 1242 '
170 1242 231 1291 sus,
251 1245 347 1282 corum
367 1231 420 1285 sibi
439 1234 577 1284 venisma
595 1231 657 1282 Deo
678 1238 736 1284 cta
754 1230 890 1281 Pontifice
909 1228 971 1280 dari

170 1297 269 1361 petiiti
287 1314 341 1364 que
359 1300 539 1352 veneratione
559 1303 765 1350 sacrosanctum
786 1295 887 1346 Christi
909 1309 970 1346 cor·

170 1375 222 1430 pus
238 1365 364 1432 excepiti
382 1382 462 1484 pinam
475 1366 584 1432 placide
602 1381 634 1416 ac
651 1366 789 1430 patienter
809 1377 889 1413 sacro
905 1361 970 1412 oleo

169 1437 319 1494 perunctus
335 1448 367 1484 oc
402 1433 521 1485 elibutus
537 1431 595 1484 esti
613 1432 718 1492 Quibus
738 1430 864 1481 onrnibus
880 1441 971 1483 sacra·

170 1498 271 1547 mentis
284 1505 404 1549 armatus
418 1513 450 1550 ao
464 1501 598 1559 munitus,
612 1513 673 1548 cum
683 1504 743 1549 toto
760 1495 849 1547 morbi
865 1502 973 1560 tcmpo·

170 1574 215 1622 re,
231 1577 284 1612 non
296 1569 400 1614 tanturn
411 1579 491 1628 quem
502 1565 549 1613 diu
559 1563 602 1612 sui
614 1578 727 1626 compos
738 1567 810 1620 erat,
826 1561 876 1612 sed
887 1563 973 1612 etlam

170 1641 231 1676 curn
243 1635 356 1693 propter
368 1629 422 1679 vim
439 1630 529 1678 morbi
542 1628 569 1676 in
584 1629 674 1690 capite
689 1632 862 1690 grassantem
876 1629 972 1692 aliquo

161 1693 270 1742 ,mentis
291 1707 386 1742 errore
405 1693 573 1751 alliceretur,
592 1691 634 1740 sic
653 1704 761 1756 quoque
783 1694 876 1739 tumen
901 1693 975 1743 nihil

170 1755 247 1806 aliud
262 1755 343 1823 quam
355 1757 507 1819 Christum,
522 1755 661 1808 Christum
674 1755 761 1806 Deum
772 1769 863 1815 suum,
876 1755 905 1804 in
920 1771 973 1806 ore

169 1829 304 1888 perpetuo
325 1823 480 1887 habuisset,
500 1824 534 1876 ad
548 1838 621 1888 cum,
641 1838 722 1892 quem
741 1821 863 1890 spirabat
878 1836 974 1889 unum,

171 1904 226 1958 quo
247 1891 350 1944 fidebat
366 1908 434 1956 nno,
454 1901 486 1945 ut
524 1892 614 1943 uidem
628 1906 769 1961 speramus
784 1904 817 1942 ac
836 1891 973 1956 cupimus,

171 1952 301 2011 erdlavit.
337 1961 421 2025 Hom,
452 1908 539 2013 Paule
568 1960 651 2024 l'oxi,
681 1965 810 2026 quantam
835 1973 973 2026 quamque

170 2023 272 2079 lustum
283 2028 376 2080 multis
387 2031 531 2082 moerendi
542 2029 717 2080 occasionem
727 2032 816 2078 morte
829 2033 878 2076 tuo
892 2027 973 2078 obtu-

26 2159 28 2166 γ
82 2151 85 2156 ‚
170 2090 243 2145 listi!
263 2097 316 2146 etsi
333 2103 382 2148 tua
401 2097 511 2164 quidem
528 2111 628 2147 caussa
641 2093 711 2146 nihil
724 2099 767 2144 est
785 2093 859 2161 quod
877 2093 972 2159 lugea-
1041 2143 1042 2146 ,

170 2170 241 2212 mus.
266 2163 310 2213 Tu
319 2165 462 2230 praeclare
473 2179 505 2215 ac
515 2162 693 2222 laudabiliter
703 2163 776 2214 vitae
787 2175 895 2212 cursum
906 2175 972 2211 con-

170 2223 274 2280 iecisti.
310 2232 354 2282 Tu
363 2231 403 2282 ita
413 2232 539 2284 maximis
548 2228 700 2280 honoribus
709 2226 869 2296 perfunctus
880 2241 922 2288 es,
940 2237 974 2282 ut

171 2297 200 2343 te
220 2299 329 2363 semper
352 2296 479 2349 homines
500 2296 651 2349 maioribus
669 2295 781 2363 dignum
801 2293 971 2360 iudicarent3

171 2364 202 2410 tu
215 2375 310 2414 ausam
323 2365 463 2416 lacessere
473 2370 501 2416 tc
510 2363 747 2416 invidiamrirtute
760 2362 972 2429 constantiaque
1018 2419 1023 2423 ,

171 2431 321 2493 superasti3
339 2437 385 2493 tu,
402 2431 478 2498 quod
489 2431 523 2492 ii,
541 2429 588 2498 qui
602 2431 667 2481 olim
682 2428 770 2479 habiti
783 2433 846 2480 sunt
863 2431 971 2494 sapien·

170 2492 322 2558 tissimi,iu
332 2497 426 2564 aliqua
441 2497 585 2548 felicitatis
602 2499 854 2564 ponteposuerunt‚
870 2493 972 2562 inipso

171 2564 323 2612 senectutis
346 2563 441 2616 limine
466 2570 591 2630 ereptus,
611 2563 799 2629 impendentis
821 2557 971 2614 deterioris

170 2625 660 2682 aetatisincommodamortevitasti.
678 2630 970 2691 ls,cuiustuiudicium
1039 2689 1040 2696 ἵ

170 2691 283 2744 uroximi
304 2692 443 2762 faciebas,
472 2695 625 2765 Gregorius
641 2695 773 2750 Pontifex
786 2699 921 2752 maxinme
942 2702 972 2746 et
