2146 3008
147 211 198 263 tto
412 207 564 260 orituro
582 201 694 263 xx'vl.

147 310 411 374 intermitterentur,
426 325 489 360 curn
499 314 528 360 et
539 309 651 376 publice
666 315 694 361 et
705 310 835 377 privatim
843 309 949 364 Foxiur

95 430 98 438 ,
149 377 300 430 catholicis
319 378 426 428 animos
443 375 554 438 iaceret
578 391 683 444 eosque
698 379 735 430 ad
748 376 820 429 bene
836 387 949 446 speran-

148 445 213 498 dum
233 444 442 507 excitarentur
460 449 605 495 uteorum
625 445 813 509 protector*)‚
837 460 949 497 conser-

147 519 240 577 vator,
268 525 368 578 parens
397 525 452 562 uno
482 511 603 562 omnium
627 525 766 562 consensu
789 509 947 563 haberetur.

147 574 266 645 Scripsit
279 592 313 629 ea
326 578 360 628 de
376 591 408 628 re
423 577 513 628 clerus
527 577 675 643 Aginensis
691 577 726 628 ad
740 577 829 628 virum
843 593 949 630 summa

147 646 176 699 di

146 661 251 772 anien,
265 716 363 776 petens
374 710 408 760 ab
419 725 468 774 eo,
479 717 510 762 ut
520 709 589 762 haec
600 712 693 761 omnia
701 725 807 762 summo
818 711 948 764 Pontifici
1044 711 1051 736 ⁴

146 776 298 843 diligenter
308 784 460 894 exponepet
477 779 558 894 cipue
574 778 650 829 omni
662 778 871 829 asseveratione
882 793 947 830 con-

146 843 281 906 tii-maret,
295 844 405 910 quicqui
436 850 509 910 temp
523 859 614 908 orum,
627 844 758 912 quicquid
771 844 947 896 sacerdotum

146 916 359 978 ceterorumque
381 909 474 962 divino
495 911 581 963 cultui
601 912 821 978 mancipatorum
832 913 874 976 “l
898 909 952 964 bo-·

145 977 249 1030 minum
261 977 288 1027 in
299 977 477 1044 eaprlvincia
490 983 628 1040 maneret,
643 977 672 1028 id
685 993 779 1040 omne,
796 965 945 1030 secunduin
979 1033 986 1040 ,

197 646 284 696 nitate
302 644 471 710 praeditum,
491 643 620 694 Carolum
633 643 837 695 Rambolletum
852 645 948 696 Cardi-

45 1054 51 1062 ·
144 1042 250 1108 Deum,
265 1043 347 1094 unius
364 1043 444 1094 Pauli
457 1044 540 1100 Foxii
553 1045 649 1094 virtuti
665 1045 880 1112 auctoritatique
900 1044 945 1096 de·

144 1111 216 1163 beri.
251 1109 342 1176 Saepe
360 1110 448 1178 igitur
461 1111 489 1160 in
508 1125 636 1178 magnum
650 1110 724 1162 vitae
738 1111 887 1162 discrimen
900 1111 945 1162 ed·

146 1177 247 1229 ductus
271 1183 328 1240 est,
357 1192 420 1228 curn
442 1177 539 1244 iniquo
569 1176 660 1227 animo
682 1175 790 1229 ferrent
811 1179 947 1230 nulitesa

121 1301 124 1312 ,
145 1244 257 1310 templis
277 1243 478 1310 depraedandis
502 1242 695 1309 cupiditatem,
719 1259 736 1294 a
753 1244 946 1296 sacerdotibus
995 1253 1000 1260 ”

144 1309 300 1366 mactandis
319 1310 512 1362 crudelitatem
531 1325 608 1361 suam
626 1310 708 1360 unius
720 1306 840 1362 hominis
854 1316 948 1362 aucto·
1048 1311 1052 1374 ,’

145 1378 232 1429 ritate
255 1375 407 1443 prohiberi.
441 1377 530 1428 Multa
550 1382 696 1444 praetereo
716 1383 869 1430 memoratu
889 1377 948 1493 dip-

146 1445 275 1507 nissima3
288 1443 348 1508 ⁸ned
366 1442 434 1494 mihi
454 1449 584 1493 nontam
603 1442 738 1494 orationis
761 1447 912 1511 conquiren
932 1457 950 1494 a

147 1511 231 1577 copia
243 1514 298 1571 est,
313 1525 394 1575 quarn
407 1515 500 1560 vestra
513 1510 627 1558 satietas
638 1508 811 1574 refugienda.
845 1510 950 1561 Decer-

147 1578 225 1640 nitur
240 1576 266 1624 ei
276 1590 293 1624 a
305 1575 382 1652 Rege
396 1573 501 1638 legatio
516 1574 699 1623 adnumerum
713 1569 891 1638 Pontificem,
908 1576 950 1626 ita

147 1647 253 1700 temen,
272 1649 304 1688 ut
320 1654 398 1703 prius
417 1652 498 1702 quam
510 1638 539 1685 in
556 1651 617 1687 cam
635 1637 872 1702 proficisceretur,
893 1655 950 1692 una

147 1719 210 1758 cum
230 1702 382 1755 catharina
402 1703 488 1768 Regis
510 1707 598 1752 matre
616 1701 803 1766 Aquitaniam,
827 1703 948 1756 Galliam
1051 1719 1053 1734 ⁴

146 1769 370 1832 Narbonensem,
400 1769 588 1832 Provinciam,
610 1767 778 1836 Allobroges
804 1768 895 1832 obire,
916 1771 947 1820 ia

147 1837 266 1906 singulis
278 1836 388 1903 oppidis
402 1834 558 1888 consistere
574 1851 607 1887 ac
618 1841 769 1886 conventus
780 1849 878 1916 agere,
889 1850 947 1888 res·

93 1908 95 1913 '
148 1920 202 1975 que
220 1904 408 1980 perturbatas,
431 1909 563 1970 quantum
584 1909 740 1969 temporum
758 1911 831 1955 ratio
851 1901 947 1968 ferret,

148 1973 253 2040 optime
281 1987 315 2024 ac
343 1970 567 2024 commodissime
601 1983 768 2036 componere
794 1970 947 2030 iuberetur.

148 2039 225 2102 Quid
233 2053 286 2108 ego
297 2056 369 2091 nunc
380 2040 477 2100 dicam,
488 2052 569 2105 quam
579 2037 700 2090 salutare
710 2037 764 2089 iter
773 2039 843 2091 illud
853 2033 948 2102 luerit,
1050 2069 1053 2082 ι

145 2112 198 2160 aut
219 2113 349 2175 quantam
375 2106 485 2160 afflictis
507 2106 592 2158 rebus
617 2103 785 2156 levationem
808 2103 949 2158 attuleritl

148 2172 295 2226 Catholica
303 2173 405 2240 religio
416 2173 510 2225 multis
519 2173 548 2222 in
557 2173 641 2234 locis,
657 2185 675 2221 a
684 2173 783 2237 quibus
794 2172 947 2234 exsulabat,

137 2242 291 2303 -restituta3
308 2240 383 2292 bona
396 2256 446 2292 sua
459 2245 488 2290 et
497 2240 715 2291 exercendorum
727 2253 870 2290 muncrum
885 2254 948 2291 suo·

148 2321 210 2359 rum
223 2306 343 2358 facultas
356 2307 493 2358 ecclesiae
512 2307 647 2358 ministris
659 2304 782 2368 reddita;
800 2305 949 2357 multorum

149 2373 248 2435 animi,
262 2373 309 2440 qui
321 2372 465 2434 nutabant,
480 2373 647 2436 confirmati;
665 2371 753 2422 multa
766 2373 870 2423 munita
886 2372 950 2423 loca

84 2493 87 2498 ,
149 2439 178 2489 in
192 2439 463 2506 Regis'potestatem
477 2441 602 2504 rodacta3
621 2437 732 2490 auditae
748 2439 844 2506 populi
859 2437 949 2506 queri·

116 2553 120 2574 ,
148 2507 272 2567 moniam
290 2503 416 2556 adhibita
427 2503 551 2556 remedia
563 2505 656 2556 multis
669 2505 764 2569 malis,
783 2518 853 2572 quae
868 2517 948 2571 supe·

150 2571 256 2622 riomm
264 2577 420 2638 temporum
430 2571 587 2624 calamitate
597 2572 747 2640 importata
755 2577 841 2624 crant.
877 2571 950 2633 Qua·

187 2666 209 2720 ⁰)
224 2667 355 2720 Pr0tector,
365 2683 410 2714 vox
420 2670 525 2713 barbara.
553 2673 614 2716 Vide
625 2669 709 2716 cellen.
721 2671 774 2716 Gur.
784 2671 847 2716 Pom
857 2683 881 2731 p.
890 2673 939 2714 202.

180 2723 211 2774 ⁸⁸)
228 2723 277 2768 Cic.
287 2725 315 2768 de
324 2723 416 2770 Seueri.
424 2726 445 2783 b·
454 2729 490 2769 88.
500 2725 562 2770 Phil.
572 2731 605 2770 ll.
614 2731 649 2771 21.
829 2744 834 2750 ·
