2146 3008
84 244 90 249 ᾖ
123 238 138 252 ³,
183 117 233 222 ia
449 163 599 217 onnrro
616 161 729 218 xviri.

173 260 314 334 ,regnaret
325 263 423 381 iprtur,
437 266 460 316 si
476 265 620 316 audiendis
634 281 667 317 ac
677 263 861 318 diiudicandis
875 268 983 318 massis
1054 243 1055 294 ἶ

180 347 282 385 -racare
296 332 343 383 ncl
371 333 421 394 ti).
456 333 492 383 Et
500 332 607 400 perdiu,
620 333 667 398 qui
676 332 869 384 Hebraeorum
879 335 983 399 populo

148 399 150 404 ’
184 413 291 458 summo
304 414 364 448 cuni
375 399 491 464 imperio
503 405 660 464 praeerant,
676 413 839 466 nonroges,
853 399 904 450 sed
913 400 983 450 iudi·

184 465 421 518 ces'vncabantur:
434 465 657 532 utintelligamus
665 463 735 515 nihil
743 465 804 516 esse
812 473 869 516 tam
876 467 985 532 regium

114 594 116 599 Ι
184 546 266 599 quam
279 529 412 582 iudicare.
449 532 513 584 Sive
530 533 602 582 enim
616 533 724 598 privata
738 531 844 584 iudicia
855 533 985 598 inspicia-

184 611 257 661 mus,
272 612 337 648 vere
353 598 393 648 eit
403 599 515 660 Cicero,
531 611 626 650 omnes
638 599 759 648 omnium
769 597 901 664 pecunias
913 599 984 664 posi·

185 671 228 716 tas
243 677 305 714 esse
315 663 344 712 in
354 670 494 729 potestate
509 679 604 714 corum
616 665 667 731 qui·
673 663 810 728 iudicant,
827 665 886 715 sive
897 665 986 729 publi·

186 743 231 791 ca,
243 729 362 780 omnium
374 730 474 780 civium
484 745 540 781 non
549 729 677 782 fortunae
686 731 780 795 niodo,
792 731 842 782 sed
854 730 984 798 dignitas,

186 795 369 857 existimatio,
384 795 471 858 salus,
485 811 592 860 eorum,
609 799 655 866 qui
665 797 771 850 iudicia
783 797 896 865 publica
908 811 985 848 exer·

168 884 172 892 r
186 867 261 923 cent,
283 861 348 912 fidei
361 861 546 930 religionique
560 866 708 916 commissa
722 869 773 919 est.
809 863 985 930 Sapientissi-

122 961 124 970 ·
185 943 245 992 mus
265 926 347 979 homo
365 927 542 982 Democritus
561 930 666 982 duabus
687 930 770 982 rebus
788 931 984 996 rempublicam

186 995 324 1070 contineri
341 995 462 1058 dicebat,
481 1007 572 1065 poena
585 1003 614 1048 et
630 999 767 1068 praemio:
785 1012 880 1049 earum
893 1002 986 1050 autern

185 1075 278 1112 rerum
288 1069 403 1128 utraque
414 1065 442 1115 in
457 1078 553 1114 eorum
563 1075 645 1115 manu
656 1071 711 1127 est,
730 1066 778 1131 qui
792 1080 890 1116 munus
904 1064 988 1115 susti·

185 1129 410 1180 aentiudicandi.
444 1130 493 1180 Ma
513 1145 548 1180 na
559 1131 646 1198 igitur
665 1129 822 1184 adhibenda
835 1131 928 1182 cautio
943 1136 987 1180 est

185 1196 215 1246 in
223 1196 361 1248 iudicibus
373 1195 483 1263 deligen
504 1200 537 1261 is,
549 1213 699 1266 eorumque
711 1199 895 1265 eisingularis
904 1209 985 1264 quae·

187 1261 249 1334 dom
259 1263 405 1330 prudentia
415 1270 444 1314 et
453 1271 578 1330 spectata
586 1267 711 1332 probitas
721 1281 784 1319 esse
794 1265 889 1329 debet,
906 1279 941 1316 nu
952 1263 985 1322 si,

186 1334 235 1380 aut
245 1343 340 1381 errore
351 1331 426 1383 ducti
437 1335 485 1382 aut
493 1333 645 1400 cupiditate
656 1335 775 1400 abrepti,
787 1333 924 1412 permissa
933 1328 988 1407 sibi
1054 1357 1055 1366 κ

166 1446 169 1452 ,
185 1401 326 1514 potestate
346 1412 426 1449 secus
445 1413 526 1466 quam
545 1399 627 1451 decet
645 1405 764 1460 utantur,
784 1413 846 1462 ipsa
865 1399 986 1450 civitatis

199 1463 366 1524 nodamenta
376 1465 545 1518 subvertant.
579 1467 618 1515 Ae
629 1473 738 1516 veteres
748 1464 859 1526 quidem
868 1457 912 1516 iiii
923 1477 987 1532 pau·

187 1529 308 1582 cissimis
328 1531 420 1582 verbis
433 1531 534 1581 iudicis
553 1532 673 1580 officium
691 1528 910 1592 concludebant,¹
925 1545 988 1582 cunr

185 1595 228 1646 ita
238 1594 374 1648 dicerent:
395 1598 487 1662 legem
506 1609 569 1645 esse
589 1602 692 1642 mutum
711 1593 845 1652 iudicem,
864 1595 990 1650 iudicem

187 1669 279 1715 autem
289 1664 381 1730 legem
389 1658 603 1725 loquentem**).
637 1659 660 1706 Α
672 1657 745 1706 bono
760 1655 936 1710 enimiudice
946 1663 990 1714 ita

123 1771 131 1778 .
185 1743 301 1796 prorsus
314 1724 532 1780 omniairidicnri
546 1726 668 1786 oportet,
684 1720 852 1787 utlexipsa,
868 1725 893 1774 si
908 1725 989 1793 loqui

186 1802 296 1862 posset,
307 1793 450 1848 iudicaret,
462 1794 543 1854 atque
554 1787 595 1837 ita
602 1786 693 1854 legem
705 1794 733 1838 et
742 1787 862 1840 iudicem
871 1791 946 1844 inter
956 1811 988 1848 se

188 1862 361 1928 conspirare,
371 1861 403 1904 ut
412 1853 449 1902 sit
457 1852 504 1905 lex
514 1855 593 1922 quasi
602 1855 693 1906 anima
702 1855 817 1917 iudicis,
827 1856 914 1910 iudex
922 1876 987 1926 qua·

187 1928 213 1978 si
222 1939 277 1976 vox
287 1923 368 1988 legis.
402 1920 438 1970 Et
452 1922 681 1987 quemadmodum
694 1924 917 1990 Aristotelesffi)
938 1929 986 1990 ait,

133 1989 134 1994 ’
186 1991 278 2055 legem
292 1984 354 2038 e'sse
367 1987 487 2040 urentem
502 1990 661 2056 cupiditatis
672 1998 825 2059 expertem,
838 1993 879 2044 ita
890 2001 986 2060 optan-

188 2055 251 2106 dum
271 2060 358 2116 esset,
378 2061 409 2106 ut
428 2057 565 2109 eiusmodi
583 2057 691 2112 iudices
709 2059 910 2124 reperirentur,
929 2061 985 2126 qui,
1053 2053 1055 2076 ⁴

187 2121 262 2172 omni
278 2122 428 2188 cupiditate
441 2125 604 2191 spoliati†),
621 2131 717 2178 'mente
729 2131 835 2176 tantum
850 2141 883 2178 ac
900 2127 986 2178 ratio·

186 2202 221 2239 ne
228 2189 257 2239 in
268 2187 455 2256 disceptandis
465 2193 664 2245 controversiis
673 2199 825 2244 uterentur.
853 2193 987 2258 Sedtaiia

188 2261 286 2323 optare
299 2254 378 2322 licet,
393 2273 511 2326 sperare
523 2275 579 2314 non
592 2261 668 2314 licet
702 2258 792 2314 Nimis
806 2260 879 2312 euim
891 2274 985 2314 verum

127 2445 133 2451 .
211 2391 218 2402 '
234 2388 389 2444 ⁸).‚1’1ntuei.
398 2391 516 2446 Apopbtb.
527 2394 565 2436 ed,
573 2393 650 2438 itsisie
658 2393 705 2440 vol.
714 2393 755 2437 vi.
765 2405 816 2449 pag·
827 2395 877 2437 682·

224 2447 255 2502 ¹⁸)
272 2447 319 2490 eie.
331 2448 358 2490 de
368 2449 437 2502 Legg.
447 2447 491 2491 111,
504 2454 522 2492 l.
534 2450 554 2506 ᾖ.
565 2453 585 2492 2.

215 2505 258 2552 mi
272 2501 494 2547 ratiocinare.
509 2509 558 2551 sirau
572 2505 655 2558 ὄρέξοως
669 2508 717 2556 νοῦς
730 2503 794 2557 vdisse
806 2507 872 2548 ι’σιὶν.

229 2559 258 2613 †)
278 2557 580 2614 &mittiteconpoliatmpro
590 2559 723 2613 cupiditatis
737 2571 765 2600 cx
785 2570 833 2607 ers,
851 2569 944 2606 vereor,
963 2561 987 2598 nt

187 2614 355 2658 necessitantur.
367 2614 455 2656 Ruhnk.
464 2613 596 2669 Ciel'bilip
615 2614 734 2670 duddi.
743 2627 757 2656 v
785 2615 853 2658 stiam
859 2613 987 2672 cupiditate

185 2669 305 2726 privatus,
326 2671 353 2714 de
364 2684 406 2726 que
418 2671 447 2717 tf.
457 2671 504 2717 Cic.
515 2671 543 2717 de
553 2627 692 2716 buben.
888 2707 890 2712 .
