2154 3002
386 156 540 252 enisio
558 200 579 251 Ι.
846 203 877 255 l'i
975 211 978 216 '

78 302 184 358 vinitas
203 305 303 354 exorta
315 305 344 353 et
361 291 490 352 tenebras
506 299 680 367 ignorantiae
695 299 836 370 dissipasti
851 309 880 356 et
919 349 922 358 ,

78 373 132 424 illo
141 377 192 423 tuo
207 367 324 421 salutari
337 367 447 434 fulgore
460 367 599 432 proeellas
613 373 737 427 vetemm
749 371 880 436 supersti-

80 442 189 491 tionum
199 435 350 502 dispulisti:
368 441 398 484 tu
411 432 492 485 nobis
504 433 578 486 velut
587 435 686 486 Helice
696 442 744 486 aut
757 437 880 504 Cynosu-

83 519 116 556 ra
129 502 275 570 quaepiam
286 516 331 562 es,
344 501 471 567 adquam
480 501 625 553 universus
635 501 834 568 navigationis,
852 501 882 553 id

85 576 143 631 est,
158 568 232 620 vitae
243 572 354 617 nostrae
365 581 462 617 consus
473 567 619 634 dirigatur:
636 573 668 619 tu
677 569 751 634 ignis
759 567 882 620 illeooe·

85 633 168 687 lestis
178 648 221 696 es,
235 647 316 700 quem
326 647 408 684 verus
418 633 467 684 ille
477 632 672 696 Prometheus,
689 633 719 686 id
733 641 790 699 est,
805 633 882 686 Chri·

86 709 147 753 stus
160 701 189 757 iu
198 708 288 752 ternus
298 699 403 760 attulit,
419 700 479 749 sine
489 715 543 766 quo
552 701 610 752 vita
619 707 747 752 constare
758 715 812 752 non
821 708 883 768 pot·

87 774 145 820 est:
161 773 241 820 toet
261 767 335 818 vitae
352 771 414 816 tran
436 766 583 818 oillitatem
598 767 699 835 lmgita
714 767 794 820 nobis
810 781 840 820 es
855 773 883 820 et

87 781 488 885 montisterroremsustuffisti.
523 832 627 886 Beatos
637 833 733 902 igitur,
743 835 791 901 qui
800 834 835 884 ad
843 839 883 897 te,

88 909 218 967 tanquam
229 899 264 951 ud
273 904 392 966 portum,
402 897 575 966 confugiunt,
585 900 696 963 beatos,
709 901 754 967 qui
765 915 796 951 se
805 900 884 952 tibia

87 967 194 1017 teneris
211 961 369 1032 unguiculis
387 965 497 1030 penitus
515 972 646 1048 totosque
659 967 783 1018 tradunt:
801 967 883 1019 mise-

88 1048 136 1084 ros
147 1038 254 1094 contra,
284 1034 325 1094 ui,
335 1031 455 1098 utproei
465 1032 620 1094 Homerici,
634 1033 796 1083 ancillarum
809 1046 883 1084 aino·

88 1099 165 1150 ribus
183 1047 299 1160 hretia,
318 1103 437 1178 tempuae
464 1101 583 1150 onmium
601 1099 702 1152 mtium
716 1099 830 1151 domina
843 1111 883 1162 es,

88 1164 243 1233 negligunt.
277 1164 322 1216 Tu
336 1179 408 1215 onim
424 1177 518 1216 earum
530 1179 621 1216 rerum
637 1163 782 1219 scientiam
800 1163 883 1230 profi·

90 1233 171 1292 tes-is,¹
191 1239 305 1298 quarum
319 1231 402 1297 plene
419 1227 545 1296 cognitio
558 1236 698 1283 aeternam
710 1231 883 1294 beatitatem,

91 1299 231 1364 ignoratio
241 1304 382 1348 aeternum
393 1296 507 1347 exitium
518 1294 674 1353 hominibus
684 1296 841 1364 pollicetur.
938 1353 944 1366 ·

9 1389 16 1402 =
124 1364 160 1414 At
169 1377 228 1426 vos,
239 1363 291 1414 viri
302 1363 413 1430 optimi,
423 1369 495 1430 'quos
504 1363 604 1434 partim
615 1361 696 1414 huius
707 1363 885 1430 praestantis·

93 1431 178 1482 simae
187 1429 351 1496 disciplinae
361 1429 493 1479 senticem
505 1436 684 1493 consecutos,
699 1431 798 1497 partim
807 1428 886 1482 illius

93 1497 179 1548 saeris
194 1496 316 1548 imbutos
335 1501 420 1562 atqot'
438 1495 563 1549 initiatos
579 1497 712 1560 uidemus,
731 1495 828 1561 macti,
845 1497 886 1548 in·

93 1577 187 1632 quam,
206 1563 290 1614 macti
302 1563 414 1624 animis,
426 1575 516 1628 neque
531 1578 580 1614 vos
593 1570 641 1614 aut
654 1563 734 1616 labor
746 1563 888 1616 deterrent

93 1636 141 1682 aot
149 1630 305 1696 voluptates
315 1635 445 1691 avocent,
474 1644 510 1681 uo
520 1629 609 1684 minus
619 1629 648 1681 in
658 1630 846 1684 sacratissima
854 1631 886 1682 il·
946 1671 953 1690 .

92 1697 146 1748 iius
156 1696 242 1764 adyta
251 1695 412 1762 penetratis.
472 1696 533 1746 obis
546 1697 620 1748 enim
633 1711 660 1746 vi
682 1696 790 1748 ‘limum
803 1697 885 1750 sudo·

93 1775 205 1830 rumque
218 1769 372 1813 vestrorum
383 1767 412 1812 et
425 1775 525 1828 magna
534 1761 580 1814 hic
589 1763 663 1814 inter
691 1763 797 1815 omines
808 1777 886 1830 prae·

13 1859 21 1884 ι
86 1829 147 1880 mia
156 1828 311 1880 etiniinitis.
317 1828 442 1898 pentilus
452 1829 558 1881 maiora
572 1829 678 1882 suntin
691 1829 771 1883 coelo
789 1830 886 1884 divini-

14 1943 16 1968 :
92 1895 306 1948 nusconstituta
326 1909 401 1947 mxi.
455 1935 458 1942 .
842 1922 845 1928 ·

386 2012 591 2038 m

462 2121 516 2174 Dii

229 2219 436 2276 moninus
450 2261 452 2266 -
465 2220 748 2282 eleusinum.

163 2325 792 2402 ORATIOII.

95 2467 221 2509 uastos
255 2443 575 2510 uastationem
614 2467 763 2510 oenones
800 2467 887 2508 usus

419 2551 559 2592 sonis.

128 2605 220 2703 Quae
242 2635 354 2707 sinssula
365 2613 522 2692 hominibus
535 2638 725 2692 addicendum
735 2633 890 2690 secedenti·
925 2605 935 2612 ⁵

211 2030 339 2092 ,4,

23 2747 27 2758 .
96 2704 144 2758 bus
164 2707 291 2758 timorem
306 2707 399 2760 iacere
415 2713 630 2769 consueverunt,
649 2713 742 2774 patres
755 2702 888 2770 amplissi-
981 2747 990 2760 ,

23 2797 25 2800 ·
128 2773 263 2828 Μυκη.
283 2773 340 2825 On.
639 2849 643 2856 .
671 2774 694 2825 B
723 2837 727 2860 Ι
